"Count","Tradelist Count","Name","Edition","Condition","Language","Foil","Tags","Last Modified","Collector Number","Alter","Proxy","Purchase Price"
"1","1","Abrade","scd","Near Mint","English","","","2025-03-05 00:23:27.240000","122","False","False","0.19"
"2","2","Abrade","inr","Near Mint","English","","","2025-03-05 00:42:14.297000","139","False","False",""
"1","1","Abrade","tdc","Near Mint","English","","","2025-04-21 05:53:34.557000","203","False","False",""
"1","1","Absorb","scd","Near Mint","English","","","2025-01-08 21:49:55.733000","216","False","False","0.25"
"1","1","Abstruse Appropriation","mh3","Near Mint","English","","","2025-01-08 21:49:55.733000","342","False","False","0.63"
"1","1","Abundant Growth","inr","Near Mint","English","","","2025-02-22 21:45:23.960000","406","False","False",""
"1","1","Abundant Growth","inr","Near Mint","English","","","2025-02-22 21:45:40.553000","184","False","False",""
"2","2","Abzan Kin-Guard","frf","Near Mint","English","","","2025-03-06 19:29:57.220000","120","False","False",""
"1","1","Adamant Will","vow","Near Mint","English","","","2025-03-04 21:47:40.697000","1","False","False",""
"1","1","Adaptive Training Post","tdc","Near Mint","English","","","2025-04-21 05:53:34.557000","18","False","False",""
"1","1","Adarkar Wastes","m3c","Near Mint","English","","","2025-01-08 21:49:55.733000","316","False","False","2.45"
"1","1","Adarkar Wastes","tdc","Near Mint","English","","","2025-04-21 05:53:34.557000","338","False","False",""
"1","1","Admonition Angel","znc","Near Mint","English","","","2025-01-08 21:49:55.733000","10","False","False","0.76"
"1","1","Aeronaut Cavalry","bro","Near Mint","English","","","2025-03-07 22:32:28.313000","1","False","False",""
"1","1","Aether Hub","kld","Near Mint","English","","","2025-03-05 02:40:24.160000","242","False","False",""
"1","1","Aether Hub","m3c","Near Mint","English","","","2025-01-08 21:49:55.733000","317","False","False","0.16"
"1","1","Aether Refinery","m3c","Near Mint","English","","","2025-01-08 21:49:55.733000","106","False","False","0.15"
"1","1","Aether Spike","mh3","Near Mint","English","","","2025-01-08 21:49:55.733000","50","False","False","0.03"
"1","1","Aethergeode Miner","m3c","Near Mint","English","","","2025-01-08 21:49:55.733000","163","False","False","0.13"
"1","1","Aetherize","scd","Near Mint","English","","","2025-01-08 21:49:55.733000","42","False","False","0.46"
"1","1","Aethersphere Harvester","m3c","Near Mint","English","","","2025-01-08 21:49:55.733000","280","False","False","0.12"
"1","1","Aethersquall Ancient","m3c","Near Mint","English","","","2025-01-08 21:49:55.733000","174","False","False","0.10"
"1","1","Aetherstorm Roc","m3c","Near Mint","English","","","2025-01-08 21:49:55.733000","164","False","False","0.11"
"1","1","Aethertide Whale","m3c","Near Mint","English","","","2025-01-08 21:49:55.733000","175","False","False","0.10"
"1","1","Aetherworks Marvel","m3c","Near Mint","English","","","2025-01-08 21:49:55.733000","281","False","False","0.55"
"1","1","Agate Assault","blb","Near Mint","English","","","2025-03-06 20:22:23.803000","122","False","False",""
"1","1","Aim for the Head","vow","Near Mint","English","","","2025-03-06 19:31:09.873000","92","False","False",""
"1","1","Aim High","inr","Near Mint","English","","","2025-02-22 21:49:22.000000","185","False","False",""
"1","1","Ainok Artillerist","dtk","Near Mint","English","","","2025-01-08 21:49:55.733000","171","False","False","0.03"
"1","1","Ajani's Mantra","m11","Near Mint","English","","","2025-03-07 19:39:17.903000","2","False","False",""
"1","1","Akoum Hellhound","znr","Near Mint","English","","","2025-03-07 22:29:41.140000","133","False","False",""
"1","1","Akoum Refuge","scd","Near Mint","English","","","2025-01-08 21:49:55.733000","289","False","False","0.16"
"1","1","Akroan Skyguard","bng","Near Mint","English","","","2025-01-08 21:49:55.733000","3","False","False","0.12"
"1","1","Akroma, Angel of Fury","mkc","Near Mint","English","","","2025-01-08 21:49:55.733000","146","False","False","0.19"
"1","1","Akroma, Angel of Wrath","c20","Near Mint","English","","","2025-01-08 21:49:55.733000","73","False","False","5.07"
"1","1","Akroma, Vision of Ixidor","cmr","Near Mint","English","","","2025-01-08 21:49:55.733000","2","False","False","8.65"
"1","1","Akroma's Vengeance","c18","Near Mint","English","","","2025-01-08 21:49:55.733000","62","False","False","0.37"
"1","1","Akroma's Will","m3c","Near Mint","English","","","2025-01-08 21:49:55.733000","165","False","False","9.66"
"1","1","Alchemist's Retrieval","vow","Near Mint","English","","","2025-01-08 21:49:55.733000","47","False","False","0.06"
"1","1","Alchemist's Retrieval","vow","Near Mint","English","","","2025-03-04 21:48:46.180000","47","False","False",""
"1","1","Alesha, Who Laughs at Fate","fdn","Near Mint","English","foil","","2025-01-08 21:49:55.733000","115","False","False","0.81"
"1","1","Aligned Heart","tdc","Near Mint","English","","","2025-04-21 05:53:34.557000","12","False","False",""
"1","1","All-Out Assault","tdm","Near Mint","English","","","2025-04-30 17:25:13.783000","167","False","False",""
"1","1","Amass the Components","avr","Near Mint","English","","","2025-03-06 19:16:56.297000","43","False","False",""
"1","1","Ambition's Cost","scd","Near Mint","English","","","2025-01-08 21:49:55.733000","66","False","False","0.14"
"1","1","Amped Raptor","mh3","Near Mint","English","","","2025-01-08 21:49:55.733000","114","False","False","0.12"
"1","1","Ancestral Anger","vow","Near Mint","English","","","2025-03-04 20:45:14.057000","142","False","False",""
"1","1","Ancestral Anger","inr","Near Mint","English","","","2025-02-15 03:08:11.533000","141","False","False",""
"1","1","Ancestral Blade","cmm","Near Mint","English","","","2025-01-08 21:49:55.733000","12","False","False","0.03"
"1","1","Ancestral Vision","tdc","Near Mint","English","","","2025-04-21 05:53:34.557000","144","False","False",""
"1","1","Ancient Hydra","nem","Near Mint","English","","","2025-03-07 22:38:48.187000","76","False","False",""
"2","2","Ancient Kavu","inv","Near Mint","English","","","2025-03-07 22:39:05.810000","136","False","False",""
"1","1","Angel of Despair","uma","Near Mint","English","","","2025-01-08 21:49:55.733000","196","False","False","1.85"
"1","1","Angel of Invention","m3c","Near Mint","English","","","2025-01-08 21:49:55.733000","166","False","False","0.34"
"1","1","Angel of the Ruins","mkc","Near Mint","English","","","2025-01-08 21:49:55.733000","55","False","False","0.08"
"1","1","Angler Turtle","scd","Near Mint","English","","","2025-01-08 21:49:55.733000","43","False","False","0.12"
"1","1","Anguished Unmaking","2x2","Near Mint","English","","","2025-01-09 22:32:28.763000","170","False","False",""
"1","1","Anowon, the Ruin Sage","c17","Near Mint","English","","","2025-03-15 16:08:00.600000","96","False","False",""
"1","1","Anticognition","znr","Near Mint","English","","","2025-03-05 01:03:00.143000","45","False","False",""
"1","1","Anvilwrought Raptor","m20","Near Mint","English","","","2025-03-06 22:23:05.337000","221","False","False",""
"2","2","Anvilwrought Raptor","ths","Near Mint","English","","","2025-03-07 23:03:15.637000","211","False","False",""
"1","1","Apothecary Geist","inr","Near Mint","English","","","2025-02-22 21:43:50.627000","10","False","False",""
"1","1","Apothecary Stomper","fdn","Near Mint","English","","","2025-01-08 21:49:55.733000","99","False","False","0.02"
"1","1","Arashin Foremost","dtk","Near Mint","English","","","2025-01-08 21:49:55.733000","3","False","False","0.18"
"1","1","Arcane Denial","woc","Near Mint","English","","","2025-01-08 21:49:55.733000","84","False","False","2.43"
"1","1","Arcane Denial","m3c","Near Mint","English","","","2025-01-08 21:49:55.733000","176","False","False","2.33"
"1","1","Arcane Sanctum","dsc","Near Mint","English","","","2025-01-08 21:49:55.733000","259","False","False","0.39"
"1","1","Arcane Signet","scd","Near Mint","English","","","2025-01-08 21:49:55.733000","257","False","False","0.45"
"2","2","Arcane Signet","m3c","Near Mint","English","","","2025-01-08 21:50:30.193000","283","False","False","0.53"
"1","1","Arcane Signet","drc","Near Mint","English","","","2025-02-21 02:17:13.470000","52","False","False",""
"1","1","Arcane Signet","tdc","Near Mint","English","","","2025-04-21 05:53:34.557000","105","False","False",""
"1","1","Archangel Avacyn // Avacyn, the Purifier","soi","Near Mint","English","","","2025-01-11 03:15:17.607000","5","False","False",""
"1","1","Archfiend of Depravity","scd","Near Mint","English","","","2025-01-08 21:50:32.360000","67","False","False","10.04"
"1","1","Archfiend of Ifnir","akh","Near Mint","English","","","2025-01-08 21:49:55.733000","78","False","False","4.71"
"2","2","Archmage Emeritus","tdc","Near Mint","English","","","2025-04-21 05:53:34.557000","145","False","False",""
"1","1","Archon of Redemption","scd","Near Mint","English","","","2025-01-08 21:49:55.733000","7","False","False","0.11"
"1","1","Archpriest of Shadows","mom","Near Mint","English","","","2025-01-08 21:49:55.733000","356","False","False","0.86"
"1","1","Archway Commons","stx","Near Mint","English","","","2025-01-08 21:49:55.733000","263","False","False","0.08"
"1","1","Ardent Elementalist","mid","Near Mint","English","","","2025-03-07 23:06:42.490000","128","False","False",""
"1","1","Arena Athlete","uma","Near Mint","English","","","2025-01-08 21:49:55.733000","123","False","False","0.02"
"1","1","Arena of Glory","mh3","Near Mint","English","","","2025-04-30 17:28:51.310000","215","False","False",""
"1","1","Argivian Cavalier","dmu","Near Mint","English","","","2025-03-06 21:09:49.057000","4","False","False",""
"2","2","Arlinn's Wolf","war","Near Mint","English","","","2025-03-05 00:46:02.193000","151","False","False",""
"2","2","Armorcraft Judge","cmr","Near Mint","English","","","2025-03-06 21:12:14.213000","218","False","False",""
"1","1","Arni Slays the Troll","khm","Near Mint","English","","","2025-01-08 21:49:55.733000","201","False","False","0.15"
"1","1","Aron, Benalia's Ruin","dmu","Near Mint","English","","","2025-01-08 21:49:55.733000","292","False","False","0.04"
"1","1","Arrest","mmq","Near Mint","English","","","2025-03-07 23:12:39.623000","4","False","False",""
"1","1","Arrester's Zeal","rna","Near Mint","English","","","2025-03-07 23:12:55.923000","4","False","False",""
"1","1","Arrogant Outlaw","mid","Near Mint","English","","","2025-03-07 20:47:41.443000","84","False","False",""
"1","1","Artful Maneuver","dtk","Near Mint","English","","","2025-01-08 21:49:55.733000","4","False","False","0.02"
"1","1","Artillery Blast","dmu","Near Mint","English","","","2025-03-06 21:10:07.107000","6","False","False",""
"1","1","Ash Barrens","tdc","Near Mint","English","","","2025-04-21 05:53:34.557000","339","False","False",""
"1","1","Ash Barrens","40k","Near Mint","English","","","2025-02-22 04:38:11.193000","265","False","False",""
"1","1","Ash Barrens","plst","Near Mint","English","","","2025-01-27 03:54:01.460000","CM2-235","False","False",""
"1","1","Ashnod's Intervention","bro","Near Mint","English","","","2025-03-04 23:24:53.227000","85","False","False",""
"1","1","Assaultron Dominator","pip","Near Mint","English","","","2025-01-08 21:49:55.733000","54","False","False","0.12"
"1","1","Astarion's Thirst","clb","Near Mint","English","","","2025-02-04 20:12:18.373000","114","False","False",""
"2","2","Asylum Visitor","inr","Near Mint","English","","","2025-03-05 00:37:55.330000","96","False","False",""
"2","2","Atog","3ed","Near Mint","English","","","2025-03-07 22:38:08.747000","139","False","False",""
"1","1","Audience with Trostani","mkm","Near Mint","English","","","2025-03-06 19:07:10.583000","309","False","False",""
"1","1","Aurelia, the Law Above","mkm","Near Mint","English","","","2025-01-08 21:49:55.733000","357","False","False","0.87"
"1","1","Aurelia, the Warleader","fdn","Near Mint","English","","","2025-01-08 21:49:55.733000","651","False","False","3.61"
"1","1","Aurora Shifter","m3c","Near Mint","English","","","2025-01-08 21:49:55.733000","97","False","False","0.13"
"1","1","Austere Command","m3c","Near Mint","English","","","2025-01-08 21:49:55.733000","167","False","False","0.49"
"1","1","Automated Assembly Line","pip","Near Mint","English","","","2025-01-08 21:49:55.733000","10","False","False","0.12"
"1","1","Avacyn, Angel of Hope","cmm","Near Mint","English","","","2025-04-21 01:43:22.327000","14","False","False",""
"1","1","Avacynian Priest","isd","Near Mint","English","","","2025-03-07 23:20:48.890000","4","False","False",""
"1","1","Avacynian Priest","inr","Near Mint","English","","","2025-02-15 03:13:31.330000","12","False","False",""
"1","1","Avacyn's Collar","dka","Near Mint","English","","","2025-03-05 01:17:19.563000","145","False","False",""
"1","1","Avalanche Caller","khm","Near Mint","English","","","2025-01-08 21:49:55.733000","45","False","False","0.04"
"1","1","Aven Gagglemaster","scd","Near Mint","English","","","2025-01-08 21:49:55.733000","8","False","False","0.06"
"1","1","Aven Surveyor","frf","Near Mint","English","","","2025-03-07 22:26:58.143000","31","False","False",""
"1","1","Azorius Chancery","m3c","Near Mint","English","","","2025-01-08 21:49:55.733000","319","False","False","0.14"
"1","1","Azorius Guildgate","dgm","Near Mint","English","","","2025-03-05 02:45:06.770000","146","False","False",""
"1","1","Azorius Locket","c19","Near Mint","English","","","2025-01-08 21:49:55.733000","210","False","False","0.11"
"1","1","Azorius Signet","scd","Near Mint","English","","","2025-01-08 21:49:55.733000","259","False","False","0.19"
"1","1","Azorius Signet","rvr","Near Mint","English","","","2025-03-02 19:34:58.530000","250","False","False",""
"1","1","Azorius Signet","tdc","Near Mint","English","","","2025-04-21 05:53:34.557000","312","False","False",""
"1","1","Azure Fleet Admiral","cmr","Near Mint","English","","","2025-03-07 22:33:56.767000","58","False","False",""
"1","1","Backstreet Bruiser","snc","Near Mint","English","","","2025-03-07 22:41:47.750000","35","False","False",""
"1","1","Baird, Argivian Recruiter","dmu","Near Mint","English","","","2025-01-08 21:49:55.733000","195","False","False","0.10"
"1","1","Baithook Angler // Hook-Haunt Drifter","mid","Near Mint","English","","","2025-03-07 23:16:34.467000","42","False","False",""
"1","1","Bake into a Pie","eld","Near Mint","English","","","2025-03-07 19:56:24.360000","76","False","False",""
"1","1","Balefire Dragon","isd","Near Mint","English","","","2025-04-30 17:26:48.610000","129","False","False",""
"1","1","Balmor, Battlemage Captain","dmu","Near Mint","English","","","2025-01-08 21:49:55.733000","196","False","False","0.26"
"1","1","Banishing Light","scd","Near Mint","English","","","2025-01-08 21:49:55.733000","9","False","False","0.04"
"1","1","Banishing Light","blb","Near Mint","English","","","2025-03-06 20:22:49.833000","1","False","False",""
"1","1","Bant Sojourners","arb","Near Mint","English","","","2025-03-06 22:28:39.450000","125","False","False",""
"1","1","Bar the Gate","afr","Near Mint","English","","","2025-03-07 22:30:01.440000","47","False","False",""
"2","2","Baral and Kari Zev","tdc","Near Mint","English","","","2025-04-21 05:53:34.557000","282","False","False",""
"1","1","Baral's Expertise","tdc","Near Mint","English","","","2025-04-21 05:53:34.557000","146","False","False",""
"1","1","Barkform Harvester","blb","Near Mint","English","","","2025-03-07 22:18:54.027000","243","False","False",""
"1","1","Baron Bertram Graywater","otj","Near Mint","English","","","2025-03-02 19:30:18.973000","195","False","False",""
"1","1","Barony Vampire","m20","Near Mint","English","","","2025-03-05 01:40:44.740000","85","False","False",""
"1","1","Bartolomé del Presidio","lci","Near Mint","English","","","2025-02-24 02:17:34.913000","301","False","False",""
"1","1","Bat Whisperer","mid","Near Mint","English","","","2025-03-07 23:23:08.567000","86","False","False",""
"1","1","Battlefield Forge","bro","Near Mint","English","","","2025-07-05 01:35:08.863000","257","False","False",""
"1","1","Battlefield Forge","m3c","Near Mint","English","","","2025-01-08 21:49:55.733000","321","False","False","0.98"
"1","1","Battlefield Forge","tdc","Near Mint","English","","","2025-04-21 05:53:34.557000","340","False","False",""
"2","2","Battlefield Promotion","war","Near Mint","English","","","2025-03-07 23:02:19.170000","5","False","False",""
"1","1","Battleground Geist","inr","Near Mint","English","","","2025-02-22 21:48:19.327000","53","False","False",""
"1","1","Battlewing Mystic","dmu","Near Mint","English","foil","","2025-01-08 21:49:55.733000","43","False","False","0.04"
"1","1","Battlewing Mystic","dmu","Near Mint","English","","","2025-02-17 22:29:40.450000","43","False","False",""
"1","1","Bazaar Krovod","rtr","Near Mint","English","","","2025-01-08 21:49:55.733000","7","False","False","0.02"
"1","1","Bedevil","dsc","Near Mint","English","","","2025-01-08 21:49:55.733000","84","False","False","0.52"
"1","1","Bedlam Reveler","inr","Near Mint","English","","","2025-02-15 03:15:34.060000","142","False","False",""
"1","1","Befoul","usg","Near Mint","English","","","2025-03-05 01:02:20.573000","116","False","False",""
"1","1","Behemoth of Vault 0","pip","Near Mint","English","","","2025-01-08 21:49:55.733000","127","False","False","0.13"
"1","1","Belligerent Guest","vow","Near Mint","English","","","2025-01-08 21:49:55.733000","301","False","False","0.02"
"3","3","Belligerent Guest","vow","Near Mint","English","","","2025-03-05 01:34:03.450000","301","False","False",""
"1","1","Belligerent of the Ball","woe","Near Mint","English","","","2025-01-08 21:49:55.733000","120","False","False","0.03"
"1","1","Bellowing Crier","blb","Near Mint","English","","","2025-03-06 20:14:04.193000","42","False","False",""
"1","1","Benalish Sleeper","dmu","Near Mint","English","","","2025-01-08 21:49:55.733000","8","False","False","0.05"
"1","1","Bespoke Battlewagon","mh3","Near Mint","English","","","2025-01-08 21:49:55.733000","52","False","False","0.05"
"1","1","Bident of Thassa","scd","Near Mint","English","","","2025-01-08 21:49:55.733000","44","False","False","0.82"
"1","1","Bident of Thassa","m3c","Near Mint","English","","","2025-01-08 21:49:55.733000","177","False","False","0.44"
"1","1","Big Score","tdc","Near Mint","English","","","2025-04-21 05:53:34.557000","206","False","False",""
"1","1","Bigfin Bouncer","fdn","Near Mint","English","","","2025-01-08 21:49:55.733000","31","False","False","0.02"
"1","1","Binding Geist // Spectral Binding","vow","Near Mint","English","","","2025-03-07 23:07:37.890000","48","False","False",""
"4","4","Bird","tscd","Near Mint","English","","","2025-01-08 21:49:55.733000","2","False","False","0.06"
"1","1","Bird Admirer // Wing Shredder","mid","Near Mint","English","","","2025-03-06 21:21:02.963000","298","False","False",""
"1","1","Bitterbow Sharpshooters","hou","Near Mint","English","","","2025-03-06 21:03:24.943000","112","False","False",""
"1","1","Blackblade Reforged","ss2","Near Mint","English","","","2025-01-09 22:38:53.423000","8","False","False",""
"1","1","Blackcleave Cliffs","one","Near Mint","English","","","2025-04-30 17:29:18.757000","248","False","False",""
"1","1","Bladebrand","cmr","Near Mint","English","","","2025-03-04 23:17:08.860000","110","False","False",""
"1","1","Bladebrand","mid","Near Mint","English","","","2025-03-07 23:16:00.170000","87","False","False",""
"1","1","Blasphemous Act","scd","Near Mint","English","","","2025-01-08 21:49:55.733000","124","False","False","2.91"
"1","1","Blasphemous Edict","fdn","Near Mint","English","","","2025-03-02 19:28:35.263000","57","False","False",""
"1","1","Blaster Hulk","m3c","Near Mint","English","","","2025-01-08 21:49:55.733000","107","False","False","0.11"
"1","1","Blast-Furnace Hellkite","brc","Near Mint","English","","","2025-04-30 17:25:43.963000","59","False","False",""
"1","1","Blazing Torch","inr","Near Mint","English","","","2025-02-15 02:48:26.727000","254","False","False",""
"1","1","Bleed Dry","vow","Near Mint","English","","","2025-03-05 01:12:15.813000","94","False","False",""
"1","1","Bleeding Effect","acr","Near Mint","English","","","2025-01-09 22:39:33.840000","51","False","False",""
"1","1","Blessed Defiance","mid","Near Mint","English","","","2025-03-06 21:15:36.590000","5","False","False",""
"2","2","Blight Sickle","shm","Near Mint","English","","","2025-03-07 20:55:21.503000","247","False","False",""
"2","2","Blood Artist","inr","Near Mint","English","","","2025-03-04 21:40:00.387000","97","False","False",""
"1","1","Blood Beckoning","znr","Near Mint","English","","","2025-03-05 01:07:45.877000","92","False","False",""
"1","1","Blood Hypnotist","vow","Near Mint","English","","","2025-01-08 21:49:55.733000","145","False","False","0.05"
"1","1","Blood Mist","emn","Near Mint","English","","","2025-01-08 21:49:55.733000","119","False","False","0.18"
"1","1","Blood Pact","mid","Near Mint","English","","","2025-02-18 02:39:33.950000","88","False","False",""
"1","1","Blood Pact","dsc","Near Mint","English","","","2025-02-11 05:45:32.853000","76","False","False",""
"3","3","Blood Petal Celebrant","vow","Near Mint","English","","","2025-03-07 22:19:34.957000","303","False","False",""
"1","1","Blood Petal Celebrant","vow","Near Mint","English","","","2025-03-05 00:23:07.597000","303","False","False","0.02"
"1","1","Blood Seeker","zen","Near Mint","English","","","2025-02-11 05:43:18.697000","80","False","False",""
"1","1","Blood Tribute","zen","Near Mint","English","","","2025-06-28 19:09:24.003000","81","False","False",""
"3","3","Bloodcrazed Socialite","vow","Near Mint","English","","","2025-03-05 01:11:10.067000","96","False","False",""
"1","1","Bloodcrazed Socialite","vow","Near Mint","English","","","2025-03-05 00:23:14.247000","96","False","False","0.01"
"1","1","Bloodcrazed Socialite","vow","Near Mint","English","","","2025-01-08 21:49:55.733000","288","False","False","0.02"
"1","1","Bloodfell Caves","scd","Near Mint","English","","","2025-01-08 21:49:55.733000","290","False","False","0.12"
"1","1","Bloodgift Demon","scd","Near Mint","English","","","2025-01-08 21:49:55.733000","69","False","False","1.34"
"1","1","Bloodletter of Aclazotz","lci","Near Mint","English","","","2025-04-21 02:00:00.933000","336","False","False",""
"1","1","Bloodline Keeper // Lord of Lineage","inr","Near Mint","English","","","2025-03-09 18:52:36.470000","461","False","False",""
"2","2","Bloodmad Vampire","inr","Near Mint","English","","","2025-03-05 00:37:02.960000","145","False","False",""
"1","1","Bloodsoaked Altar","m20","Near Mint","English","","","2025-01-08 21:49:55.733000","90","False","False","0.06"
"1","1","Bloodsoaked Insight // Sanguine Morass","mh3","Near Mint","English","","","2025-01-08 21:49:55.733000","252","False","False","0.16"
"1","1","Bloodsworn Steward","voc","Near Mint","English","","","2025-03-02 19:26:16.827000","144","False","False",""
"1","1","Bloodthirster","40k","Near Mint","English","","","2025-04-21 01:44:27.003000","73","False","False",""
"1","1","Bloodtithe Harvester","vow","Near Mint","English","","","2025-01-08 21:49:55.733000","232","False","False","0.22"
"2","2","Bloodwater Entity","hou","Near Mint","English","","","2025-03-06 21:59:20.977000","138","False","False",""
"1","1","Boar","tvow","Near Mint","English","","","2025-03-04 21:26:56.213000","12","False","False",""
"1","1","Boarded Window","vow","Near Mint","English","","","2025-03-04 21:52:29.853000","253","False","False",""
"1","1","Bojuka Bog","mic","Near Mint","English","","","2025-07-05 01:35:58.737000","167","False","False",""
"1","1","Bonecrusher Giant // Stomp","plst","Near Mint","English","","","2025-01-29 03:40:22.943000","ELD-115","False","False",""
"1","1","Boros Charm","otc","Near Mint","English","","","2025-01-08 21:49:55.733000","216","False","False","3.73"
"2","2","Boros Garrison","c19","Near Mint","English","","","2025-03-02 19:31:52.833000","233","False","False",""
"1","1","Boros Guildgate","gtc","Near Mint","English","","","2025-03-05 01:54:32.250000","239","False","False",""
"1","1","Boros Guildgate","grn","Near Mint","English","","","2025-03-05 00:57:36.320000","243","False","False",""
"1","1","Boros Guildgate","grn","Near Mint","English","","","2025-03-05 00:57:53.927000","244","False","False",""
"1","1","Boros Guildgate","dgm","Near Mint","English","","","2025-03-05 02:44:35.820000","147","False","False",""
"1","1","Boros Locket","c21","Near Mint","English","","","2025-01-08 21:49:55.733000","236","False","False","0.07"
"2","2","Boros Signet","cm2","Near Mint","English","","","2025-02-17 22:31:38.697000","176","False","False",""
"1","1","Boros Signet","c15","Near Mint","English","","","2025-01-08 21:49:55.733000","247","False","False","0.60"
"1","1","Boros Signet","tdc","Near Mint","English","","","2025-04-21 05:53:34.557000","314","False","False",""
"1","1","Bound by Moonsilver","inr","Near Mint","English","","","2025-02-15 03:13:15.333000","13","False","False",""
"2","2","Bounding Wolf","mid","Near Mint","English","","","2025-03-07 23:30:08.147000","170","False","False",""
"1","1","Brackish Blunder","lci","Near Mint","English","","","2025-03-07 22:31:30.463000","46","False","False",""
"1","1","Brainstone","mh2","Near Mint","English","foil","","2025-01-08 21:49:55.733000","223","False","False","0.23"
"2","2","Bramble Armor","mid","Near Mint","English","","","2025-03-07 23:29:37.367000","171","False","False",""
"1","1","Bramble Wurm","inr","Near Mint","English","","","2025-02-15 03:00:46.493000","187","False","False",""
"1","1","Branching Bolt","arc","Near Mint","English","","","2025-03-06 19:10:14.653000","82","False","False",""
"1","1","Brash Taunter","scd","Near Mint","English","","","2025-01-08 21:49:55.733000","125","False","False","0.68"
"1","1","Brass Herald","cmr","Near Mint","English","","","2025-03-06 21:22:44.423000","301","False","False",""
"1","1","Brave-Kin Duo","blb","Near Mint","English","","","2025-03-06 20:22:09.660000","3","False","False",""
"1","1","Brazen Scourge","kld","Near Mint","English","","","2025-03-05 00:45:09.530000","107","False","False",""
"1","1","Breaching Hippocamp","j25","Near Mint","English","","","2025-01-08 21:49:55.733000","290","False","False","0.16"
"1","1","Breakneck Rider // Neck Breaker","soi","Near Mint","English","","","2025-01-08 21:49:55.733000","147","False","False","0.29"
"1","1","Breath of Malfegor","scd","Near Mint","English","","","2025-01-08 21:49:55.733000","218","False","False","0.08"
"1","1","Breathless Knight","mh2","Near Mint","English","","","2025-03-07 23:22:36.557000","187","False","False",""
"2","2","Bride's Gown","vow","Near Mint","English","","","2025-03-07 20:49:19.373000","4","False","False",""
"1","1","Brimstone Vandal","mid","Near Mint","English","","","2025-03-07 23:30:28.030000","130","False","False",""
"1","1","Brineborn Cutthroat","j25","Near Mint","English","","","2025-01-08 21:49:55.733000","291","False","False","0.08"
"1","1","Brokers Veteran","snc","Near Mint","English","","","2025-03-05 01:38:22.607000","36","False","False",""
"1","1","Brotherhood Scribe","pip","Near Mint","English","","","2025-01-08 21:49:55.733000","13","False","False","0.15"
"1","1","Brudiclad, Telchor Engineer","m3c","Near Mint","English","","","2025-01-08 21:49:55.733000","257","False","False","0.28"
"1","1","Brute Strength","akh","Near Mint","English","","","2025-03-07 20:23:55.690000","122","False","False",""
"1","1","Burning Prophet","war","Near Mint","English","","","2025-03-06 21:58:14.923000","117","False","False",""
"1","1","Burning Vengeance","inr","Near Mint","English","","","2025-02-22 21:47:51.483000","147","False","False",""
"1","1","Burning-Rune Demon","khm","Near Mint","English","","","2025-02-25 02:27:30.717000","81","False","False",""
"1","1","Burnished Hart","scd","Near Mint","English","","","2025-01-08 21:49:55.733000","260","False","False","0.09"
"1","1","Burnished Hart","m3c","Near Mint","English","","","2025-01-08 21:49:55.733000","284","False","False","0.07"
"1","1","Bushwhack","fdn","Near Mint","English","","","2025-01-08 21:49:55.733000","215","False","False","0.12"
"1","1","Butcher's Cleaver","inr","Near Mint","English","","","2025-02-15 03:14:35.723000","256","False","False",""
"1","1","By Invitation Only","vow","Near Mint","English","","","2025-01-08 21:49:55.733000","5","False","False","0.21"
"1","1","Cackling Counterpart","inr","Near Mint","English","","","2025-02-22 21:44:56.523000","55","False","False",""
"1","1","Cage of Hands","cmr","Near Mint","English","","","2025-03-04 23:28:30.643000","14","False","False",""
"1","1","Caldera Pyremaw","tdc","Near Mint","English","","","2025-04-21 05:53:34.557000","33","False","False",""
"1","1","Call the Bloodline","soi","Near Mint","English","","","2025-01-08 21:49:55.733000","103","False","False","0.11"
"1","1","Canker Abomination","eve","Near Mint","English","","","2025-03-07 22:21:26.363000","115","False","False",""
"1","1","Canyon Slough","akh","Near Mint","English","","","2025-01-25 21:42:46.080000","239","False","False",""
"1","1","Canyon Slough","pip","Near Mint","English","","","2025-02-21 02:20:35.850000","256","False","False",""
"1","1","Captain's Call","cmr","Near Mint","English","","","2025-03-07 23:15:06.283000","15","False","False",""
"2","2","Captivating Cave","lci","Near Mint","English","foil","","2025-01-12 06:06:56.707000","268","False","False","0.11"
"1","1","Captivating Vampire","inr","Near Mint","English","foil","","2025-03-09 18:54:09.023000","100","False","False",""
"2","2","Carnage Gladiator","dgm","Near Mint","English","","","2025-03-06 21:56:30.163000","61","False","False",""
"2","2","Carnivorous Canopy","one","Near Mint","English","","","2025-03-07 19:47:45.817000","162","False","False",""
"1","1","Carrion Locust","bro","Near Mint","English","","","2025-03-04 23:24:40.410000","87","False","False",""
"1","1","Carrion Screecher","hou","Near Mint","English","","","2025-03-04 23:18:11.160000","61","False","False",""
"1","1","Cartographer's Hawk","scd","Near Mint","English","","","2025-01-08 21:49:55.733000","10","False","False","0.12"
"1","1","Cascade Bluffs","tdc","Near Mint","English","","","2025-04-21 05:53:34.557000","345","False","False",""
"1","1","Castle Vantress","m3c","Near Mint","English","","","2025-04-10 15:19:25.067000","327","False","False",""
"3","3","Cat Bird","tscd","Near Mint","English","","","2025-01-08 21:49:55.733000","5","False","False","0.23"
"1","1","Catapult Fodder // Catapult Captain","vow","Near Mint","English","","","2025-01-08 21:49:55.733000","99","False","False","0.07"
"1","1","Cathar Commando","inr","Near Mint","English","foil","","2025-02-22 21:35:39.190000","15","False","False",""
"1","1","Cathars' Crusade","inr","Near Mint","English","","","2025-07-05 01:02:20.150000","17","False","False",""
"2","2","Cavalry Pegasus","ths","Near Mint","English","","","2025-03-07 23:12:07.960000","2","False","False",""
"2","2","Cave of Temptation","mh1","Near Mint","English","","","2025-01-12 06:07:14.287000","237","False","False","0.04"
"1","1","Caves of Koilos","dmu","Near Mint","English","","","2025-07-05 01:34:23.997000","244","False","False",""
"1","1","Cayth, Famed Mechanist","m3c","Near Mint","English","foil","","2025-01-08 21:49:55.733000","6","False","False","0.23"
"1","1","Celestial Armor","fdn","Near Mint","English","","","2025-01-08 21:49:55.733000","443","False","False","0.52"
"2","2","Cement Shoes","snc","Near Mint","English","","","2025-03-05 01:38:50.773000","235","False","False",""
"2","2","Centaur Nurturer","war","Near Mint","English","","","2025-03-07 23:01:53.577000","156","False","False",""
"1","1","Ceremonial Knife","vow","Near Mint","English","","","2025-03-04 21:44:11.387000","254","False","False",""
"1","1","Cerodon Yearling","arb","Near Mint","English","","","2025-03-06 22:37:42.297000","96","False","False",""
"1","1","Chainer, Nightmare Adept","c19","Near Mint","English","foil","","2025-02-15 04:33:50.263000","39","False","False",""
"1","1","Chainer's Edict","dmr","Near Mint","English","","","2025-02-03 18:06:01.540000","425","False","False",""
"1","1","Champion's Helm","pip","Near Mint","English","","","2025-01-08 21:49:55.733000","228","False","False","1.36"
"1","1","Chancellor of the Annex","plst","Near Mint","English","","","2025-02-05 21:07:14.630000","NPH-6","False","False",""
"1","1","Children of Korlis","tsr","Near Mint","English","","","2025-01-08 21:49:55.733000","14","False","False","0.17"
"1","1","Chill of the Grave","vow","Near Mint","English","","","2025-03-05 01:36:40.980000","51","False","False",""
"1","1","Choked Estuary","woc","Near Mint","English","","","2025-01-08 21:49:55.733000","155","False","False","0.18"
"1","1","Choking Restraints","emn","Near Mint","English","","","2025-01-08 21:49:55.733000","16","False","False","0.06"
"1","1","Chromatic Lantern","m3c","Near Mint","English","","","2025-03-12 21:25:29.780000","285","False","False",""
"1","1","Chromatic Lantern","rvr","Near Mint","English","","","2025-03-12 21:32:36.500000","253","False","False",""
"1","1","Cinder Barrens","scd","Near Mint","English","","","2025-01-08 21:49:55.733000","294","False","False","0.08"
"2","2","Cinder Barrens","ogw","Near Mint","English","","","2025-03-05 02:45:27.910000","168","False","False",""
"1","1","Cindering Cutthroat","blb","Near Mint","English","","","2025-03-06 21:23:17.420000","208","False","False",""
"1","1","Citizen's Arrest","dmu","Near Mint","English","","","2025-01-08 21:49:55.733000","11","False","False","0.03"
"1","1","Citizen's Crowbar","snc","Near Mint","English","","","2025-03-05 01:31:40.463000","8","False","False",""
"1","1","Civic Gardener","snc","Near Mint","English","","","2025-03-06 22:05:43.297000","140","False","False",""
"1","1","Civil Servant","snc","Near Mint","English","","","2025-03-06 22:01:31.397000","176","False","False",""
"1","1","Clarion Cathars","mid","Near Mint","English","","","2025-03-06 21:15:49.037000","14","False","False",""
"1","1","Clavileño, First of the Blessed","lcc","Near Mint","English","foil","","2025-03-12 21:35:45.373000","2","False","False",""
"1","1","Cleansing Nova","scd","Near Mint","English","","","2025-01-08 21:49:55.733000","12","False","False","0.49"
"1","1","Cleanup Crew","snc","Near Mint","English","","","2025-03-07 23:18:23.970000","141","False","False",""
"1","1","Clear","usg","Near Mint","English","","","2025-03-05 01:02:45.620000","7","False","False",""
"1","1","Clear the Mind","rna","Near Mint","English","","","2025-03-04 23:09:15.337000","34","False","False",""
"1","1","Cleaving Reaper","khm","Near Mint","English","","","2025-01-08 21:49:55.733000","376","False","False","0.16"
"1","1","Cleon, Merry Champion","j25","Near Mint","English","","","2025-01-08 21:49:55.733000","47","False","False","0.15"
"1","1","Clifftop Retreat","pip","Near Mint","English","","","2025-01-08 21:49:55.733000","258","False","False","0.48"
"1","1","Clifftop Retreat","tdc","Near Mint","English","","","2025-04-21 05:53:34.557000","351","False","False",""
"1","1","Clockwork Drawbridge","dmu","Near Mint","English","","","2025-01-08 21:49:55.733000","13","False","False","0.03"
"1","1","Clockwork Drawbridge","dmu","Near Mint","English","","","2025-03-06 21:10:21.337000","13","False","False",""
"1","1","Cloudblazer","scd","Near Mint","English","","","2025-01-08 21:49:55.733000","221","False","False","0.08"
"1","1","Cloudkill","clb","Near Mint","English","foil","","2025-02-21 02:16:41.440000","121","False","False",""
"2","2","Clout of the Dominus","eve","Near Mint","English","","","2025-03-06 21:13:13.850000","99","False","False",""
"1","1","Coalition Relic","m3c","Near Mint","English","","","2025-01-08 21:49:55.733000","286","False","False","0.22"
"1","1","Coalition Skyknight","dmu","Near Mint","English","","","2025-01-08 21:49:55.733000","14","False","False","0.02"
"1","1","Coastal Tower","scd","Near Mint","English","","","2025-01-08 21:49:55.733000","296","False","False","0.10"
"1","1","Coastline Marauders","cmr","Near Mint","English","","","2025-03-07 22:45:45.387000","168","False","False",""
"1","1","Cobbled Lancer","inr","Near Mint","English","","","2025-02-22 21:41:14.613000","56","False","False",""
"1","1","Cobbled Wings","inr","Near Mint","English","","","2025-02-15 03:03:33.223000","258","False","False",""
"1","1","Colossal Might","arc","Near Mint","English","","","2025-03-06 19:09:53.043000","83","False","False",""
"1","1","Combustible Gearhulk","scd","Near Mint","English","","","2025-01-08 21:49:55.733000","128","False","False","0.65"
"1","1","Combustible Gearhulk","m3c","Near Mint","English","","","2025-01-08 21:49:55.733000","210","False","False","0.30"
"1","1","Command Tower","tdc","Near Mint","English","","","2025-04-21 05:53:34.557000","107","False","False",""
"2","2","Command Tower","scd","Near Mint","English","","","2025-02-17 22:34:05.843000","297","False","False","0.20"
"1","1","Command Tower","m3c","Near Mint","English","","","2025-01-08 21:49:55.733000","331","False","False","0.24"
"1","1","Command Tower","dsc","Near Mint","English","","","2025-02-21 02:17:36.270000","96","False","False",""
"1","1","Commander's Sphere","voc","Near Mint","English","","","2025-02-21 02:16:17.817000","163","False","False",""
"1","1","Commander's Sphere","scd","Near Mint","English","","","2025-01-08 21:49:55.733000","261","False","False","0.16"
"1","1","Commander's Sphere","scd","Near Mint","English","","","2025-01-08 21:49:55.733000","261","False","False","0.16"
"1","1","Compulsive Research","tdc","Near Mint","English","","","2025-04-21 05:53:34.557000","147","False","False",""
"1","1","Concealed Courtyard","otj","Near Mint","English","","","2025-04-30 17:30:36.073000","268","False","False",""
"1","1","Condemn","scd","Near Mint","English","","","2025-01-08 21:49:55.733000","15","False","False","0.09"
"3","3","Conduct Electricity","blb","Near Mint","English","","","2025-03-07 22:42:26.977000","130","False","False",""
"1","1","Conduit of Storms // Conduit of Emrakul","inr","Near Mint","English","","","2025-02-22 21:47:10.890000","150","False","False",""
"2","2","Confiscate","cmr","Near Mint","English","","","2025-03-07 22:44:50.817000","62","False","False",""
"1","1","Confiscation Coup","m3c","Near Mint","English","","","2025-01-08 21:49:55.733000","178","False","False","0.09"
"1","1","Consider","tdc","Near Mint","English","","","2025-04-21 05:53:34.557000","148","False","False",""
"1","1","Construct","tm3c","Near Mint","English","","","2025-01-08 21:49:55.733000","24","False","False",""
"1","1","Consulate Surveillance","kld","Near Mint","English","","","2025-01-08 21:49:55.733000","10","False","False","0.16"
"1","1","Contagious Vorrac","one","Near Mint","English","","","2025-03-07 19:47:36.627000","164","False","False",""
"1","1","Contaminated Landscape","mh3","Near Mint","English","","","2025-01-08 21:49:55.733000","218","False","False","0.10"
"1","1","Contortionist Troupe","mid","Near Mint","English","","","2025-03-06 19:43:40.270000","178","False","False",""
"1","1","Conversion Apparatus","m3c","Near Mint","English","","","2025-01-08 21:49:55.733000","128","False","False","0.18"
"1","1","Convolute","iko","Near Mint","English","","","2025-03-04 22:30:36.163000","45","False","False",""
"1","1","Copy","tvow","Near Mint","English","","","2025-01-08 21:49:55.733000","19","False","False","0.58"
"2","2","Copy","tblc","Near Mint","English","","","2025-01-08 21:49:55.733000","1","False","False",""
"1","1","Cordial Vampire","mh1","Near Mint","English","","","2025-03-09 18:56:08.053000","83","False","False",""
"1","1","Cori Mountain Monastery","tdm","Near Mint","English","","","2025-04-28 20:44:27.710000","393","False","False",""
"1","1","Costly Plunder","pw24","Near Mint","English","foil","","2025-01-08 21:49:55.733000","14","False","False","1.00"
"1","1","Counterspell","mh2","Near Mint","English","","","2025-01-08 21:49:55.733000","267","False","False","1.57"
"1","1","Counterspell","dmr","Near Mint","English","","","2025-01-08 21:49:55.733000","45","False","False","1.70"
"1","1","Courageous Goblin","fdn","Near Mint","English","","","2025-01-08 21:49:55.733000","82","False","False","0.02"
"1","1","Courageous Outrider","emn","Near Mint","English","","","2025-01-08 21:49:55.733000","18","False","False","0.03"
"1","1","Courier Bat","vow","Near Mint","English","","","2025-03-06 19:44:23.627000","102","False","False",""
"1","1","Coveted Jewel","m3c","Near Mint","English","","","2025-01-08 21:49:55.733000","287","False","False","0.17"
"1","1","Coveted Jewel","scd","Near Mint","English","","","2025-01-08 21:49:55.733000","262","False","False","0.20"
"1","1","Crabomination","mh3","Near Mint","English","foil","","2025-01-12 06:09:36.983000","85","False","False","0.35"
"1","1","Crackling Doom","ktk","Near Mint","English","","","2025-01-08 21:49:55.733000","171","False","False","0.28"
"1","1","Crackling Doom","c20","Near Mint","English","","","2025-03-09 18:55:40.277000","205","False","False",""
"1","1","Cradle of Safety","vow","Near Mint","English","","","2025-03-06 21:07:34.163000","54","False","False",""
"1","1","Crawl from the Cellar","inr","Near Mint","English","","","2025-02-22 21:38:56.943000","102","False","False",""
"1","1","Crawl from the Cellar","mid","Near Mint","English","","","2025-03-07 23:21:22.690000","93","False","False",""
"1","1","Crawling Infestation","vow","Near Mint","English","","","2025-01-08 21:49:55.733000","193","False","False","0.14"
"1","1","Creeping Dread","soi","Near Mint","English","","","2025-01-08 21:49:55.733000","104","False","False","0.11"
"1","1","Crossroads Consecrator","emn","Near Mint","English","","","2025-01-08 21:49:55.733000","154","False","False","0.03"
"1","1","Crossway Troublemakers","voc","Near Mint","English","","","2025-03-02 19:26:44.087000","17","False","False",""
"1","1","Cruel Witness","vow","Near Mint","English","","","2025-01-08 21:49:55.733000","55","False","False","0.03"
"1","1","Crush Contraband","scd","Near Mint","English","","","2025-01-08 21:49:55.733000","16","False","False","0.08"
"2","2","Crushing Canopy","vow","Near Mint","English","","","2025-03-05 01:12:32.553000","194","False","False",""
"1","1","Cry of the Carnarium","rna","Near Mint","English","foil","","2025-01-12 06:09:53.410000","70","False","False",""
"1","1","Crypt Feaster","fdn","Near Mint","English","","","2025-01-08 21:49:55.733000","59","False","False","0.02"
"1","1","Cryptolith Fragment // Aurora of Emrakul","inr","Near Mint","English","","","2025-02-15 02:39:17.250000","472","False","False",""
"1","1","Cryptolith Fragment // Aurora of Emrakul","inr","Near Mint","English","","","2025-02-15 02:43:29.360000","260","False","False",""
"1","1","Crystallization","arb","Near Mint","English","","","2025-03-06 22:28:12.123000","144","False","False",""
"2","2","Cunning Strike","frf","Near Mint","English","","","2025-03-05 01:22:02.990000","150","False","False",""
"1","1","Curious Homunculus // Voracious Reader","emn","Near Mint","English","foil","","2025-01-12 06:10:10.717000","54","False","False","0.23"
"1","1","Curse of Opulence","tdc","Near Mint","English","","","2025-04-21 05:53:34.557000","209","False","False",""
"1","1","Curse of the Swine","tdc","Near Mint","English","","","2025-04-21 05:53:34.557000","149","False","False",""
"1","1","Cut Short","mom","Near Mint","English","","","2025-03-06 19:19:48.687000","10","False","False",""
"1","1","Daggerback Basilisk","bbd","Near Mint","English","","","2025-03-07 22:05:32.433000","194","False","False",""
"1","1","Dakkon, Shadow Slayer","mh2","Near Mint","English","","","2025-01-08 21:49:55.733000","363","False","False","0.49"
"1","1","Damn","lcc","Near Mint","English","","","2025-01-08 21:49:55.733000","191","False","False","0.85"
"2","2","Dapper Shieldmate","snc","Near Mint","English","","","2025-03-07 22:41:29.330000","9","False","False",""
"1","1","Daring Escape","snc","Near Mint","English","","","2025-03-06 22:12:57.983000","104","False","False",""
"1","1","Daring Saboteur","cmr","Near Mint","English","","","2025-03-05 00:48:11.070000","64","False","False",""
"1","1","Dark Ritual","sta","Near Mint","English","","","2025-01-14 17:15:40.353000","26","False","False",""
"1","1","Dark Tutelage","wot","Near Mint","English","","","2025-01-08 21:49:55.733000","28","False","False","0.08"
"1","1","Darkstar Augur","blb","Near Mint","English","","","2025-02-24 02:21:09.533000","90","False","False",""
"1","1","Darkstar Augur","tblb","Near Mint","English","","","2025-02-24 02:20:51.867000","11","False","False",""
"1","1","Darksteel Ingot","otc","Near Mint","English","","","2025-01-08 21:49:55.733000","256","False","False","0.18"
"1","1","Dash Hopes","plc","Near Mint","English","","","2025-01-08 21:49:55.733000","68","False","False","0.65"
"2","2","Dauntless Cathar","inr","Near Mint","English","","","2025-03-05 00:36:25.953000","19","False","False",""
"1","1","Dauntless Dismantler","lci","Near Mint","English","","","2025-01-08 21:49:55.733000","8","False","False","0.27"
"1","1","Dawnhart Disciple","vow","Near Mint","English","","","2025-03-07 19:52:48.170000","196","False","False",""
"2","2","Dawnhart Disciple","inr","Near Mint","English","","","2025-03-05 00:35:01.970000","191","False","False",""
"1","1","Day // Night","tvow","Near Mint","English","","","2025-03-04 20:31:46.603000","21","False","False",""
"1","1","Day of Judgment","fdn","Near Mint","English","","","2025-01-08 21:49:55.733000","140","False","False","0.97"
"3","3","Daybreak Combatants","vow","Near Mint","English","","","2025-03-07 20:55:01.877000","153","False","False",""
"1","1","Dazzling Angel","fdn","Near Mint","English","","","2025-01-08 21:49:55.733000","9","False","False","0.08"
"2","2","Deadly Allure","inr","Near Mint","English","","","2025-03-05 00:37:41.820000","103","False","False",""
"1","1","Deadly Tempest","scd","Near Mint","English","","","2025-01-08 21:49:55.733000","75","False","False","0.49"
"1","1","Deadly Tempest","scd","Near Mint","English","","","2025-07-04 23:37:52.843000","75","False","False",""
"1","1","Deathbloom Gardener","dmu","Near Mint","English","foil","","2025-01-08 21:49:55.733000","159","False","False","0.30"
"1","1","Decanter of Endless Water","clb","Near Mint","English","foil","","2025-01-12 06:11:12.817000","444","False","False","0.47"
"1","1","Decoction Module","m3c","Near Mint","English","","","2025-01-08 21:49:55.733000","288","False","False","0.15"
"1","1","Decree of Pain","40k","Near Mint","English","","","2025-01-11 03:07:52.093000","198","False","False",""
"1","1","Deem Worthy","akh","Near Mint","English","","","2025-03-07 20:24:39.813000","127","False","False",""
"1","1","Deep Analysis","tdc","Near Mint","English","","","2025-04-21 05:53:34.557000","150","False","False",""
"1","1","Deface","rna","Near Mint","English","","","2025-03-07 22:57:53.607000","98","False","False",""
"1","1","Defeat","dtk","Near Mint","English","","","2025-01-08 21:49:55.733000","97","False","False","0.02"
"1","1","Defiler of Faith","dmu","Near Mint","English","foil","","2025-01-08 21:49:55.733000","16","False","False","0.39"
"2","2","Delver of Secrets // Insectile Aberration","inr","Near Mint","English","","","2025-03-05 00:36:07.743000","60","False","False",""
"1","1","Demolition Field","m3c","Near Mint","English","","","2025-01-08 21:49:55.733000","335","False","False","0.68"
"2","2","Demon","tscd","Near Mint","English","","","2025-01-08 21:49:55.733000","12","False","False","0.12"
"1","1","Demonic Counsel","dsk","Near Mint","English","foil","","2025-01-12 06:11:48.933000","310","False","False","1.41"
"1","1","Demonic Covenant","dsc","Near Mint","English","","","2025-01-08 21:49:55.733000","49","False","False","0.27"
"1","1","Demonic Embrace","m21","Near Mint","English","","","2025-01-08 21:49:55.733000","95","False","False","0.21"
"2","2","Demonic Lore","cmr","Near Mint","English","","","2025-03-06 21:23:31.017000","118","False","False",""
"1","1","Demonlord Belzenlok","cmm","Near Mint","English","","","2025-01-08 21:49:55.733000","151","False","False","0.42"
"1","1","Demonmail Hauberk","isd","Near Mint","English","","","2025-03-07 22:40:33.670000","221","False","False",""
"1","1","Demon's Disciple","cmm","Near Mint","English","","","2025-01-08 21:49:55.733000","149","False","False","0.16"
"1","1","Demon's Due","snc","Near Mint","English","","","2025-03-06 20:13:22.377000","75","False","False",""
"1","1","Demon's Horn","m10","Near Mint","English","","","2025-01-08 21:49:55.733000","209","False","False","0.19"
"1","1","Desecration Demon","fdn","Near Mint","English","","","2025-01-08 21:49:55.733000","603","False","False","0.37"
"1","1","Deserted Beach","inr","Near Mint","English","","","2025-02-15 03:05:45.820000","276","False","False",""
"1","1","Despark","moc","Near Mint","English","","","2025-01-08 21:49:55.733000","322","False","False","0.47"
"1","1","Desperate Farmer // Depraved Harvester","vow","Near Mint","English","","","2025-01-08 21:49:55.733000","104","False","False","0.02"
"2","2","Desperate Farmer // Depraved Harvester","vow","Near Mint","English","","","2025-03-05 01:36:59.913000","104","False","False",""
"2","2","Diabolic Edict","a25","Near Mint","English","","","2025-02-17 22:36:06.180000","85","False","False","0.08"
"1","1","Diabolic Tutor","kld","Near Mint","English","","","2025-01-08 21:49:55.733000","75","False","False","1.04"
"1","1","Diabolic Vision","ice","Near Mint","English","","","2025-01-08 21:49:55.733000","284","False","False","0.74"
"1","1","Dig Up","vow","Near Mint","English","","","2025-03-04 21:47:12.580000","197","False","False",""
"1","1","Dig Up the Body","snc","Near Mint","English","","","2025-03-07 22:15:28.147000","76","False","False",""
"1","1","Dihada, Binder of Wills","dmc","Near Mint","English","foil","","2025-01-08 21:49:55.733000","1","False","False","9.70"
"1","1","Diluvian Primordial","scd","Near Mint","English","","","2025-01-08 21:49:55.733000","47","False","False","0.18"
"1","1","Dimir Aqueduct","afc","Near Mint","English","","","2025-02-21 02:15:00.293000","234","False","False",""
"1","1","Dimir Guildgate","grn","Near Mint","English","","","2025-01-08 21:49:55.733000","246","False","False","0.06"
"1","1","Dimir Locket","znc","Near Mint","English","","","2025-01-08 21:49:55.733000","111","False","False","0.11"
"1","1","Dimir Signet","ncc","Near Mint","English","","","2025-01-08 21:49:55.733000","365","False","False","1.15"
"1","1","Dire Downdraft","blb","Near Mint","English","","","2025-03-06 21:24:12.890000","46","False","False",""
"1","1","Dire Fleet Interloper","xln","Near Mint","English","","","2025-03-06 21:21:46.223000","103","False","False",""
"2","2","Diregraf Scavenger","vow","Near Mint","English","","","2025-03-07 19:53:29.357000","105","False","False",""
"1","1","Diresight","blb","Near Mint","English","","","2025-03-07 22:59:09.350000","91","False","False",""
"1","1","Dirge of Dread","ons","Near Mint","English","","","2025-03-05 00:50:38.027000","138","False","False",""
"1","1","Disciplined Duelist","snc","Near Mint","English","","","2025-03-07 22:16:38.317000","304","False","False",""
"1","1","Disenchant","m20","Near Mint","English","","","2025-01-08 21:49:55.733000","14","False","False","0.08"
"1","1","Disenchant","bro","Near Mint","English","","","2025-01-08 21:49:55.733000","6","False","False","0.06"
"1","1","Disenchant","scd","Near Mint","English","","","2025-01-08 21:49:55.733000","20","False","False","0.14"
"1","1","Dismal Backwater","m21","Near Mint","English","","","2025-03-05 02:39:44.580000","245","False","False",""
"1","1","Dismal Backwater","m20","Near Mint","English","","","2025-01-08 21:49:55.733000","245","False","False","0.10"
"1","1","Dismantling Wave","tdc","Near Mint","English","","","2025-04-21 05:53:34.557000","112","False","False",""
"1","1","Distemper of the Blood","emn","Near Mint","English","","","2025-01-08 21:49:55.733000","126","False","False","0.08"
"1","1","Djinn Monk","tdtk","Near Mint","English","","","2025-01-08 21:49:55.733000","2","False","False","0.09"
"1","1","Docent of Perfection // Final Iteration","inr","Near Mint","English","","","2025-03-04 21:42:35.347000","62","False","False",""
"1","1","Donal, Herald of Wings","voc","Near Mint","English","foil","","2025-01-08 21:49:55.733000","3","False","False","0.29"
"2","2","Doomed Dissenter","vow","Near Mint","English","","","2025-03-05 00:39:28.210000","106","False","False",""
"1","1","Door of Destinies","ltc","Near Mint","English","","","2025-07-05 00:34:52.450000","277","False","False",""
"1","1","Doorkeeper","rtr","Near Mint","English","","","2025-01-08 21:49:55.733000","37","False","False","0.04"
"6","6","Double-Faced Substitute Card","svow","Near Mint","English","","","2025-03-04 20:57:29.850000","9","False","False",""
"1","1","Dovin's Veto","war","Near Mint","English","","","2025-01-08 21:49:55.733000","193","False","False","2.95"
"1","1","Dr. Madison Li","pip","Near Mint","English","foil","","2025-01-08 21:49:55.733000","3","False","False","0.20"
"1","1","Drag to the Bottom","dmu","Near Mint","English","foil","","2025-02-21 02:18:31.977000","401","False","False",""
"1","1","Dragon","tkhm","Near Mint","English","","","2025-01-08 21:49:55.733000","11","False","False","4.12"
"1","1","Dragon Egg","m14","Near Mint","English","","","2025-03-07 23:21:56.403000","137","False","False",""
"1","1","Dragonlord Ojutai","dtk","Near Mint","English","","","2025-01-08 21:49:55.733000","219","False","False","0.53"
"1","1","Dragonrage","frf","Near Mint","English","","","2025-03-07 22:59:26.293000","97","False","False",""
"1","1","Dragonskull Summit","dsc","Near Mint","English","","","2025-02-21 02:17:53.453000","271","False","False",""
"1","1","Dragonstorm Globe","tdm","Near Mint","English","","","2025-04-30 17:31:11.320000","241","False","False",""
"2","2","Drakewing Krasis","gtc","Near Mint","English","","","2025-03-06 21:04:43.650000","157","False","False",""
"1","1","Drakuseth, Maw of Flames","m20","Near Mint","English","","","2025-01-08 21:49:55.733000","136","False","False","0.48"
"1","1","Drana and Linvala","mom","Near Mint","English","","","2025-04-21 01:59:50.670000","222","False","False",""
"1","1","Drana and Linvala","mom","Near Mint","English","foil","","2025-02-24 02:17:04.487000","222","False","False",""
"1","1","Drana, Kalastria Bloodchief","c17","Near Mint","English","","","2025-03-12 21:46:50.257000","112","False","False",""
"1","1","Drana, Liberator of Malakir","jmp","Near Mint","English","","","2025-04-21 01:59:46.420000","225","False","False",""
"1","1","Drana, the Last Bloodchief","znr","Near Mint","English","","","2025-03-12 21:48:06.433000","98","False","False",""
"1","1","Dread Return","2xm","Near Mint","English","","","2025-01-08 21:49:55.733000","89","False","False","0.51"
"1","1","Dreadful Apathy","thb","Near Mint","English","","","2025-03-07 23:25:14.633000","11","False","False",""
"1","1","Dreadlight Monstrosity","vow","Near Mint","English","","","2025-03-07 22:46:10.513000","57","False","False",""
"1","1","Dreadwing Scavenger","fdn","Near Mint","English","foil","","2025-01-08 21:49:55.733000","118","False","False","0.07"
"1","1","Dream Trawler","thb","Near Mint","English","","","2025-01-08 21:49:55.733000","214","False","False","0.22"
"1","1","Dreamroot Cascade","inr","Near Mint","English","","","2025-02-22 18:43:09.067000","277","False","False",""
"1","1","Dreamstone Hedron","cmr","Near Mint","English","","","2025-03-04 23:26:24.080000","307","False","False",""
"1","1","Dredge the Mire","scd","Near Mint","English","","","2025-01-08 21:49:55.733000","76","False","False","0.13"
"1","1","Drifting Meadow","c15","Near Mint","English","","","2025-01-08 21:49:55.733000","282","False","False","0.11"
"1","1","Drogskol Infantry // Drogskol Armaments","vow","Near Mint","English","","","2025-03-05 00:55:08.527000","10","False","False",""
"2","2","Drogskol Shieldmate","inr","Near Mint","English","","","2025-03-05 00:36:46.467000","20","False","False",""
"1","1","Drownyard Amalgam","mid","Near Mint","English","","","2025-03-06 21:19:23.220000","50","False","False",""
"1","1","Drudge Beetle","rtr","Near Mint","English","","","2025-01-08 21:49:55.733000","122","False","False","0.02"
"1","1","Druid of the Spade","blb","Near Mint","English","","","2025-03-07 23:19:21.507000","170","False","False",""
"1","1","Drunau Corpse Trawler","soi","Near Mint","English","","","2025-03-05 00:45:31.693000","57","False","False",""
"1","1","Duel for Dominance","inr","Near Mint","English","","","2025-02-15 03:04:01.590000","192","False","False",""
"1","1","Duelcraft Trainer","mid","Near Mint","English","","","2025-03-07 23:16:58.343000","16","False","False",""
"1","1","Dungeon Map","afr","Near Mint","English","","","2025-03-06 21:43:05.870000","242","False","False",""
"1","1","Duress","mid","Near Mint","English","","","2025-03-06 22:25:22.947000","98","False","False",""
"1","1","Dusk Imp","ody","Near Mint","English","","","2025-03-04 23:23:18.603000","131","False","False",""
"1","1","Dusk Mangler","snc","Near Mint","English","","","2025-03-07 20:11:13.313000","77","False","False",""
"1","1","Duskwatch Recruiter // Krallenhorde Howler","soi","Near Mint","English","","","2025-03-06 21:03:58.917000","203","False","False",""
"1","1","Duskwatch Recruiter // Krallenhorde Howler","inr","Near Mint","English","","","2025-03-04 21:42:58.873000","467","False","False",""
"1","1","Dynacharge","rtr","Near Mint","English","","","2025-01-08 21:49:55.733000","92","False","False","0.05"
"1","1","Eat to Extinction","thb","Near Mint","English","","","2025-02-21 02:20:10.083000","312","False","False",""
"1","1","Eccentric Farmer","mid","Near Mint","English","","","2025-03-04 22:36:48.507000","185","False","False",""
"2","2","Echoing Courage","cns","Near Mint","English","","","2025-03-07 19:37:24.407000","161","False","False",""
"1","1","Edgar Markov","inr","Near Mint","English","","","2025-02-25 02:52:45.243000","234","False","False",""
"1","1","Edgar, Charmed Groom // Edgar Markov's Coffin","vow","Near Mint","English","","","2025-04-21 01:59:40.373000","236","False","False",""
"1","1","Elas il-Kor, Sadistic Pilgrim","dmu","Near Mint","English","","","2025-01-08 21:49:55.733000","297","False","False","0.41"
"1","1","Eldrazi Horror","tinr","Near Mint","English","","","2025-03-04 21:28:17.503000","1","False","False",""
"1","1","Electric Revelation","mid","Near Mint","English","","","2025-03-05 01:10:14.210000","135","False","False",""
"1","1","Electrify","m19","Near Mint","English","","","2025-03-06 21:13:36.060000","139","False","False",""
"1","1","Electrify","akh","Near Mint","English","","","2025-03-07 20:25:52.283000","129","False","False",""
"1","1","Electrodominance","tdc","Near Mint","English","","","2025-04-21 05:53:34.557000","212","False","False",""
"1","1","Electrosiphon","pip","Near Mint","English","","","2025-01-08 21:49:55.733000","104","False","False","0.11"
"1","1","Electrostatic Pummeler","kld","Near Mint","English","","","2025-01-08 21:49:55.733000","210","False","False","0.31"
"1","1","Elenda and Azor","moc","Near Mint","English","foil","","2025-01-12 06:13:51.393000","6","False","False","0.26"
"1","1","Elenda, Saint of Dusk","fdn","Near Mint","English","foil","","2025-01-08 21:49:55.733000","119","False","False","0.95"
"1","1","Elenda, the Dusk Rose","lcc","Near Mint","English","","","2025-07-05 00:27:00.100000","268","False","False",""
"1","1","Elephant","tscd","Near Mint","English","","","2025-01-08 21:49:55.733000","20","False","False","0.09"
"1","1","Elfsworn Giant","fdn","Near Mint","English","","","2025-01-08 21:49:55.733000","103","False","False","0.06"
"1","1","Elite Headhunter","eld","Near Mint","English","","","2025-01-29 03:40:03.760000","209","False","False",""
"1","1","Elsha, Threefold Master","tdc","Near Mint","English","foil","","2025-04-21 05:53:34.557000","2","False","False",""
"1","1","Elvish Aberration","dmr","Near Mint","English","","","2025-03-05 01:08:46.833000","156","False","False",""
"1","1","Ember-Eye Wolf","soi","Near Mint","English","","","2025-01-08 21:49:55.733000","154","False","False","0.08"
"1","1","Emeria Angel","scd","Near Mint","English","","","2025-01-08 21:49:55.733000","21","False","False","0.34"
"3","3","Emperor Crocodile","ema","Near Mint","English","","","2025-03-05 00:31:12.530000","165","False","False",""
"1","1","Empyrean Eagle","scd","Near Mint","English","","","2025-01-08 21:49:55.733000","226","False","False","0.22"
"1","1","Emrakul's Messenger","mh3","Near Mint","English","","","2025-01-08 21:49:55.733000","61","False","False","0.19"
"1","1","Enchanter's Bane","c18","Near Mint","English","","","2025-01-11 02:53:50.660000","21","False","False",""
"2","2","End the Festivities","vow","Near Mint","English","","","2025-03-05 00:32:11.177000","155","False","False",""
"1","1","Endless Ranks of the Dead","isd","Near Mint","English","","","2025-01-08 21:49:55.733000","99","False","False","2.73"
"1","1","Enduring Sliver","mh1","Near Mint","English","","","2025-03-06 20:23:03.157000","6","False","False",""
"1","1","Enhanced Awareness","frf","Near Mint","English","","","2025-03-06 19:44:42.123000","33","False","False",""
"1","1","Enlightened Maniac","emn","Near Mint","English","","","2025-01-08 21:49:55.733000","58","False","False","0.02"
"1","1","Envelop","jud","Near Mint","English","","","2025-03-06 19:45:03.857000","39","False","False",""
"1","1","Epiphany Storm","bng","Near Mint","English","","","2025-01-08 21:49:55.733000","91","False","False","0.02"
"1","1","Epitaph Golem","inr","Near Mint","English","","","2025-02-22 21:46:37.393000","262","False","False",""
"1","1","Era of Innovation","m3c","Near Mint","English","","","2025-01-08 21:49:55.733000","183","False","False","0.08"
"1","1","Erudite Wizard","fdn","Near Mint","English","","","2025-01-08 21:49:55.733000","37","False","False","0.02"
"1","1","Essence Extraction","kld","Near Mint","English","","","2025-03-05 01:14:47.933000","80","False","False",""
"3","3","Essence Flux","inr","Near Mint","English","","","2025-03-05 00:44:30.067000","64","False","False",""
"1","1","Estwald Shieldbasher","vow","Near Mint","English","foil","","2025-01-12 06:15:03.800000","11","False","False","0.03"
"3","3","Estwald Shieldbasher","vow","Near Mint","English","","","2025-03-07 20:54:50.707000","11","False","False",""
"1","1","Etchings of the Chosen","lcc","Near Mint","English","","","2025-03-02 19:27:23.430000","269","False","False",""
"1","1","Eternal Thirst","plst","Near Mint","English","","","2025-02-11 05:48:22.720000","IMA-89","False","False",""
"1","1","Ethereal Guidance","soi","Near Mint","English","","","2025-01-08 21:49:55.733000","18","False","False","0.01"
"1","1","Ethersworn Adjudicator","c16","Near Mint","English","","","2025-01-08 21:49:55.733000","90","False","False","0.27"
"1","1","Eutropia the Twice-Favored","thb","Near Mint","English","","","2025-03-07 23:24:03.417000","216","False","False",""
"1","1","Ever-Watching Threshold","scd","Near Mint","English","","","2025-01-08 21:49:55.733000","50","False","False","0.34"
"1","1","Evolution Charm","tsr","Near Mint","English","","","2025-03-06 21:02:01.810000","202","False","False",""
"1","1","Evolving Wilds","iko","Near Mint","English","","","2025-01-08 21:49:55.733000","247","False","False","0.07"
"1","1","Evolving Wilds","vow","Near Mint","English","","","2025-03-04 21:50:55.010000","263","False","False",""
"1","1","Evolving Wilds","inr","Near Mint","English","","","2025-03-04 21:33:25.577000","278","False","False",""
"1","1","Evolving Wilds","tdm","Near Mint","English","","","2025-04-21 05:53:34.557000","255","False","False",""
"1","1","Exhibition Magician","snc","Near Mint","English","","","2025-03-07 23:17:44.540000","106","False","False",""
"1","1","Exotic Orchard","tdc","Near Mint","English","","","2025-04-21 05:53:34.557000","360","False","False",""
"1","1","Expansion // Explosion","tdc","Near Mint","English","","","2025-04-21 05:53:34.557000","287","False","False",""
"1","1","Expendable Lackey","snc","Near Mint","English","","","2025-03-06 20:13:42.367000","43","False","False",""
"1","1","Explosion of Riches","scd","Near Mint","English","","","2025-01-08 21:49:55.733000","140","False","False","0.10"
"1","1","Expressive Iteration","tdc","Near Mint","English","","","2025-04-21 05:53:34.557000","288","False","False",""
"1","1","Exquisite Blood","lcc","Near Mint","English","","","2025-03-02 19:32:57.520000","195","False","False",""
"1","1","Exsanguinate","fdn","Near Mint","English","","","2025-01-08 21:49:55.733000","173","False","False","0.53"
"1","1","Fabled Passage","pw21","Near Mint","English","foil","","2025-07-05 01:04:34.510000","4","False","False",""
"1","1","Fabrication Module","kld","Near Mint","English","","","2025-01-08 21:49:55.733000","211","False","False","0.21"
"1","1","Faerie Duelist","rna","Near Mint","English","","","2025-03-04 23:09:41.553000","39","False","False",""
"1","1","Faerie Mechanist","con","Near Mint","English","","","2025-03-05 01:13:13.667000","27","False","False",""
"1","1","Faerie Squadron","inv","Near Mint","English","","","2025-03-05 01:13:47.033000","58","False","False",""
"1","1","Faithbearer Paladin","emn","Near Mint","English","","","2025-01-08 21:49:55.733000","25","False","False","0.04"
"1","1","Faithbound Judge // Sinner's Judgment","vow","Near Mint","English","","","2025-01-08 21:49:55.733000","12","False","False","0.71"
"1","1","Faithful Mending","mid","Near Mint","English","","","2025-01-08 21:49:55.733000","221","False","False","0.51"
"1","1","Faithless Looting","inr","Near Mint","English","foil","","2025-02-22 21:38:38.587000","151","False","False",""
"1","1","Faithless Looting","tdc","Near Mint","English","","","2025-04-21 05:53:34.557000","213","False","False",""
"2","2","Faithless Looting","inr","Near Mint","English","","","2025-03-05 00:41:58.987000","151","False","False",""
"3","3","Faith's Fetters","cmr","Near Mint","English","","","2025-03-07 23:19:32.850000","20","False","False",""
"1","1","Falcon Abomination","mid","Near Mint","English","","","2025-03-07 23:06:19.243000","52","False","False",""
"1","1","Falkenrath Celebrants","vow","Near Mint","English","","","2025-03-07 20:50:16.290000","156","False","False",""
"1","1","Falkenrath Celebrants","vow","Near Mint","English","","","2025-01-08 21:49:55.733000","306","False","False","0.03"
"1","1","Falkenrath Gorger","inr","Near Mint","English","","","2025-02-15 02:47:06.253000","152","False","False",""
"1","1","Falkenrath Noble","dsc","Near Mint","English","","","2025-03-02 19:32:40.643000","140","False","False",""
"1","1","Farbog Revenant","soi","Near Mint","English","","","2025-01-08 21:49:55.733000","110","False","False","0.03"
"1","1","Farewell","m3c","Near Mint","English","","","2025-01-08 21:49:55.733000","170","False","False","5.02"
"1","1","Fate Unraveler","bng","Near Mint","English","","","2025-02-20 03:30:41.817000","68","False","False",""
"1","1","Favorable Winds","scd","Near Mint","English","","","2025-01-08 21:49:55.733000","52","False","False","0.30"
"1","1","Fear of Death","vow","Near Mint","English","","","2025-03-07 19:45:35.387000","59","False","False",""
"2","2","Fearful Villager // Fearsome Werewolf","vow","Near Mint","English","","","2025-03-07 22:19:17.827000","157","False","False",""
"2","2","Fearless Halberdier","grn","Near Mint","English","","","2025-03-05 01:35:37.270000","100","False","False",""
"1","1","Feed the Swarm","scd","Near Mint","English","","","2025-01-08 21:49:55.733000","77","False","False","0.32"
"2","2","Felhide Minotaur","ths","Near Mint","English","","","2025-03-06 21:08:56.650000","87","False","False",""
"2","2","Fell the Profane // Fell Mire","mh3","Near Mint","English","","","2025-03-15 16:06:06.467000","244","False","False",""
"1","1","Fell the Profane // Fell Mire","mh3","Near Mint","English","","","2025-01-08 21:49:55.733000","244","False","False","3.71"
"1","1","Fellwar Stone","tdc","Near Mint","English","","","2025-04-21 05:53:34.557000","318","False","False",""
"1","1","Ferrous Lake","tdc","Near Mint","English","","","2025-04-21 05:53:34.557000","361","False","False",""
"1","1","Fervent Charge","pip","Near Mint","English","","","2025-01-08 21:49:55.733000","215","False","False","0.16"
"1","1","Festival Crasher","inr","Near Mint","English","foil","","2025-03-05 00:42:48.807000","153","False","False",""
"2","2","Festival Crasher","mid","Near Mint","English","","","2025-03-07 20:47:55.423000","140","False","False",""
"1","1","Fetid Heath","eve","Near Mint","English","","","2025-07-05 01:27:22.963000","176","False","False",""
"1","1","Fetid Pools","pip","Near Mint","English","","","2025-01-08 21:49:55.733000","265","False","False","0.18"
"1","1","Field Creeper","emn","Near Mint","English","","","2025-01-08 21:49:55.733000","195","False","False","0.04"
"2","2","Field of Ruin","ltc","Near Mint","English","","","2025-02-21 02:27:25.177000","308","False","False",""
"1","1","Fiend Hunter","inr","Near Mint","English","","","2025-02-22 21:47:27.497000","22","False","False",""
"1","1","Fiery Annihilation","fdn","Near Mint","English","","","2025-01-08 21:49:55.733000","86","False","False","0.08"
"1","1","Fiery Confluence","lcc","Near Mint","English","","","2025-01-08 21:49:55.733000","226","False","False","0.23"
"2","2","Fiery Intervention","dom","Near Mint","English","","","2025-03-06 21:37:23.613000","118","False","False",""
"1","1","Fiery Temper","soi","Near Mint","English","","","2025-01-08 21:49:55.733000","156","False","False","0.11"
"1","1","Fight with Fire","dom","Near Mint","English","","","2025-03-05 01:41:08.253000","119","False","False",""
"1","1","Filigree Crawler","aer","Near Mint","English","","","2025-03-07 22:10:00.373000","150","False","False",""
"1","1","Filigree Racer","m3c","Near Mint","English","","","2025-01-08 21:49:55.733000","108","False","False","0.14"
"1","1","Final Act","m3c","Near Mint","English","","","2025-02-21 02:18:10.507000","52","False","False",""
"1","1","Firebrand Archer","fdn","Near Mint","English","","","2025-01-08 21:49:55.733000","196","False","False","0.09"
"1","1","Firemane Angel","ima","Near Mint","English","","","2025-01-08 21:49:55.733000","199","False","False","0.28"
"1","1","Firemane Avenger","gk1","Near Mint","English","","","2025-01-08 21:49:55.733000","89","False","False","0.39"
"1","1","Firemane Commando","moc","Near Mint","English","","","2025-01-12 06:16:17.923000","81","False","False",""
"1","1","First Response","cmr","Near Mint","English","","","2025-03-07 23:13:58.077000","22","False","False",""
"2","2","Fists of the Anvil","mrd","Near Mint","English","","","2025-01-08 21:49:55.733000","91","False","False","0.11"
"1","1","Flame Discharge","neo","Near Mint","English","","","2025-03-07 19:41:06.833000","142","False","False",""
"2","2","Flame-Blessed Bolt","vow","Near Mint","English","","","2025-03-05 00:43:20.767000","158","False","False",""
"1","1","Flames of the Firebrand","m14","Near Mint","English","","","2025-03-07 23:22:16.927000","139","False","False",""
"1","1","Flametongue Kavu","e01","Near Mint","English","","","2025-03-05 01:41:39.557000","48","False","False",""
"1","1","Flawless Maneuver","cmm","Near Mint","English","","","2025-04-21 01:44:47.747000","24","False","False",""
"2","2","Fleeting Spirit","vow","Near Mint","English","","","2025-03-07 23:07:55.827000","14","False","False",""
"1","1","Flicker of Fate","thb","Near Mint","English","","","2025-03-07 23:25:47.507000","16","False","False",""
"1","1","Fling","eld","Near Mint","English","","","2025-03-07 19:54:46.150000","126","False","False",""
"1","1","Flip the Switch","mid","Near Mint","English","","","2025-03-07 23:06:04.463000","54","False","False",""
"1","1","Flood of Recollection","cmr","Near Mint","English","","","2025-03-07 23:04:59.627000","61","False","False",""
"1","1","Floodtide Serpent","bng","Near Mint","English","","","2025-01-08 21:49:55.733000","41","False","False","0.03"
"1","1","Florian, Voldaren Scion","mid","Near Mint","English","","","2025-01-11 03:08:44.387000","318","False","False",""
"1","1","Floriferous Vinewall","dmu","Near Mint","English","","","2025-01-08 21:49:55.733000","163","False","False","0.02"
"3","3","Flourishing Hunter","vow","Near Mint","English","","","2025-03-06 22:24:30.457000","199","False","False",""
"1","1","Flowstone Infusion","dmu","Near Mint","English","","","2025-01-08 21:49:55.733000","124","False","False","0.03"
"1","1","Foreboding Ruins","scd","Near Mint","English","","","2025-01-08 21:49:55.733000","300","False","False","0.17"
"2","2","Forest","inr","Near Mint","English","","","2025-02-22 18:41:40.690000","297","False","False",""
"2","2","Forest","inr","Near Mint","English","","","2025-03-04 21:35:25.603000","296","False","False",""
"1","1","Forest","vow","Near Mint","English","","","2025-03-04 20:41:29.080000","277","False","False",""
"1","1","Forest","rtr","Near Mint","English","","","2025-01-08 21:49:55.733000","273","False","False","0.11"
"1","1","Forgotten Creation","mic","Near Mint","English","","","2025-01-08 21:49:55.733000","100","False","False","0.41"
"1","1","Fountainport Bell","blb","Near Mint","English","","","2025-03-06 22:06:08.803000","245","False","False",""
"1","1","Frantic Search","tdc","Near Mint","English","","","2025-04-21 05:53:34.557000","153","False","False",""
"1","1","Frenzied Devils","vow","Near Mint","English","","","2025-01-08 21:49:55.733000","159","False","False","0.02"
"1","1","Frontline Heroism","j25","Near Mint","English","","","2025-01-08 21:49:55.733000","15","False","False","0.56"
"1","1","Frostboil Snarl","m3c","Near Mint","English","","","2025-01-08 21:49:55.733000","344","False","False","0.19"
"1","1","Frostburn Weird","rtr","Near Mint","English","","","2025-01-08 21:49:55.733000","215","False","False","0.04"
"1","1","Funeral Longboat","khm","Near Mint","English","","","2025-01-08 21:49:55.733000","238","False","False","0.03"
"1","1","Furycalm Snarl","m3c","Near Mint","English","","","2025-01-08 21:49:55.733000","345","False","False","0.16"
"3","3","Galedrifter // Waildrifter","mid","Near Mint","English","","","2025-03-07 23:30:37.370000","55","False","False",""
"1","1","Galvanic Bombardment","emn","Near Mint","English","","","2025-01-08 21:49:55.733000","129","False","False","0.02"
"1","1","Galvanic Discharge","mh3","Near Mint","English","","","2025-01-08 21:49:55.733000","122","False","False","0.07"
"1","1","Galvanic Juggernaut","inr","Near Mint","English","","","2025-02-15 03:09:44.460000","263","False","False",""
"1","1","Gather the Townsfolk","inr","Near Mint","English","","","2025-02-22 21:40:55.787000","23","False","False",""
"1","1","Gavony Unhallowed","emn","Near Mint","English","","","2025-01-08 21:49:55.733000","89","False","False","0.05"
"1","1","Geistlight Snare","vow","Near Mint","English","","","2025-01-08 21:49:55.733000","60","False","False","0.14"
"1","1","Generous Gift","scd","Near Mint","English","","","2025-01-08 21:49:55.733000","23","False","False","0.87"
"1","1","Geode Rager","scd","Near Mint","English","","","2025-01-08 21:49:55.733000","144","False","False","1.37"
"1","1","Geothermal Bog","dmu","Near Mint","English","","","2025-01-08 21:49:55.733000","247","False","False","0.17"
"1","1","Ghastly Demise","cmr","Near Mint","English","","","2025-03-04 23:28:58.007000","129","False","False",""
"1","1","Ghost Quarter","ltc","Near Mint","English","","","2025-01-08 21:49:55.733000","314","False","False","0.48"
"1","1","Ghostblade Eidolon","bng","Near Mint","English","","","2025-01-08 21:49:55.733000","12","False","False","0.09"
"1","1","Ghostly Prison","tdc","Near Mint","English","","","2025-04-21 05:53:34.557000","116","False","False",""
"1","1","Ghostly Prison","khc","Near Mint","English","","","2025-01-27 02:56:37.780000","26","False","False",""
"1","1","Ghoulcaller's Accomplice","soi","Near Mint","English","","","2025-03-05 01:15:21.257000","112","False","False",""
"1","1","Ghoulcaller's Bell","isd","Near Mint","English","","","2025-03-06 22:21:36.423000","224","False","False",""
"1","1","Giada, Font of Hope","snc","Near Mint","English","","","2025-01-08 21:49:55.733000","14","False","False","1.34"
"1","1","Giant Opportunity","eld","Near Mint","English","","","2025-03-07 23:18:02.243000","159","False","False",""
"1","1","Gideon Jura","scd","Near Mint","English","","","2025-01-08 21:49:55.733000","24","False","False","0.33"
"1","1","Gift of Fangs","j25","Near Mint","English","","","2025-02-15 02:41:18.460000","444","False","False",""
"1","1","Gift of Fangs","vow","Near Mint","English","","","2025-03-05 00:55:49.263000","113","False","False",""
"1","1","Gift of Paradise","cmr","Near Mint","English","","","2025-03-07 22:35:32.420000","229","False","False",""
"1","1","Gift of Tusks","ogw","Near Mint","English","","","2025-03-05 01:21:01.253000","55","False","False",""
"1","1","Gifted Aetherborn","plst","Near Mint","English","","","2025-04-21 01:59:28.537000","AER-61","False","False",""
"1","1","Gilded Pinions","snc","Near Mint","English","","","2025-03-06 22:04:58.347000","238","False","False",""
"1","1","Gilt-Blade Prowler","mh2","Near Mint","English","","","2025-03-06 21:36:13.087000","86","False","False",""
"1","1","Gisa's Bidding","soi","Near Mint","English","","","2025-01-08 21:49:55.733000","114","False","False","0.11"
"1","1","Gisela, Blade of Goldnight","cmm","Near Mint","English","","","2025-01-08 21:49:55.733000","338","False","False","1.54"
"1","1","Gisela, the Broken Blade","inr","Near Mint","English","","","2025-07-05 01:43:15.980000","24","False","False",""
"1","1","Glacial Fortress","tdc","Near Mint","English","","","2025-04-21 05:53:34.557000","367","False","False",""
"1","1","Glacial Fortress","ltc","Near Mint","English","","","2025-01-08 21:49:55.733000","315","False","False","0.82"
"1","1","Glamorous Outlaw","snc","Near Mint","English","","","2025-03-07 20:12:42.437000","190","False","False",""
"1","1","Gleaming Barrier","fdn","Near Mint","English","","","2025-01-08 21:49:55.733000","252","False","False","0.02"
"1","1","Gleeful Arsonist","dsc","Near Mint","English","","","2025-01-13 18:26:30.760000","56","False","False",""
"1","1","Glimmer of Genius","m3c","Near Mint","English","","","2025-01-08 21:49:55.733000","187","False","False","0.04"
"1","1","Glint","dtk","Near Mint","English","","","2025-01-08 21:49:55.733000","55","False","False","0.05"
"2","2","Glittermonger","snc","Near Mint","English","","","2025-03-07 23:11:36.293000","149","False","False",""
"1","1","Gluttonous Guest","vow","Near Mint","English","","","2025-03-04 22:38:05.363000","114","False","False",""
"1","1","Gluttonous Guest","vow","Near Mint","English","foil","","2025-03-04 21:58:21.703000","292","False","False",""
"1","1","Gluttonous Guest","inr","Near Mint","English","","","2025-02-15 02:47:59.780000","112","False","False",""
"2","2","Gluttonous Guest","vow","Near Mint","English","","","2025-03-05 00:33:16.963000","292","False","False",""
"1","1","Gnottvold Slumbermound","khm","Near Mint","English","foil","","2025-01-12 06:17:32.757000","258","False","False","0.06"
"1","1","Goblin Electromancer","tdc","Near Mint","English","","","2025-04-21 05:53:34.557000","99","False","False",""
"1","1","Goblin Trailblazer","cmr","Near Mint","English","","","2025-03-04 23:12:25.330000","182","False","False",""
"1","1","Golden Argosy","dmu","Near Mint","English","","","2025-01-08 21:49:55.733000","230","False","False","0.91"
"1","1","Golden Egg","eld","Near Mint","English","","","2025-01-08 21:49:55.733000","220","False","False","0.07"
"1","1","Gold-Forged Thopteryx","mat","Near Mint","English","foil","","2025-01-08 21:49:55.733000","31","False","False","0.13"
"1","1","Goldmire Bridge","moc","Near Mint","English","","","2025-01-08 21:49:55.733000","407","False","False","0.15"
"1","1","Goldspan Dragon","m3c","Near Mint","English","","","2025-01-12 06:18:09.000000","212","False","False","8.41"
"3","3","Golem Artisan","cmr","Near Mint","English","","","2025-03-07 23:27:03.557000","311","False","False",""
"1","1","Gonti's Aether Heart","m3c","Near Mint","English","","","2025-01-08 21:49:55.733000","294","False","False","0.58"
"1","1","Graf Rats","emn","Near Mint","English","","","2025-03-05 00:23:20.337000","91","False","False",""
"1","1","Gravelgill Duo","shm","Near Mint","English","","","2025-03-06 22:19:27.587000","165","False","False",""
"1","1","Grazing Kelpie","eve","Near Mint","English","","","2025-03-06 22:19:00.287000","153","False","False",""
"2","2","Gremlin","tmh3","Near Mint","English","","","2025-01-08 21:49:55.733000","23","False","False",""
"1","1","Grenzo, Havoc Raiser","m3c","Near Mint","English","","","2025-01-08 21:49:55.733000","213","False","False","0.17"
"1","1","Grievous Wound","dsk","Near Mint","English","","","2025-03-02 19:34:16.277000","375","False","False",""
"2","2","Grim Strider","akh","Near Mint","English","","","2025-03-07 20:25:04.377000","94","False","False",""
"1","1","Grisly Ritual","vow","Near Mint","English","","","2025-03-04 23:22:13.920000","116","False","False",""
"1","1","Grisly Ritual","vow","Near Mint","English","","","2025-01-08 21:49:55.733000","116","False","False","0.03"
"1","1","Grisly Spectacle","gtc","Near Mint","English","","","2025-03-07 19:59:28.703000","66","False","False",""
"1","1","Grixis Grimblade","arb","Near Mint","English","","","2025-03-06 19:11:37.920000","134","False","False",""
"1","1","Grizzled Angler // Grisly Anglerfish","inr","Near Mint","English","","","2025-02-15 03:10:48.410000","67","False","False",""
"1","1","Grizzled Outcasts // Krallenhorde Wantons","isd","Near Mint","English","","","2025-03-06 22:21:53.513000","185","False","False",""
"1","1","Grolnok, the Omnivore","vow","Near Mint","English","","","2025-03-04 21:53:55.247000","238","False","False",""
"1","1","Groom's Finery","vow","Near Mint","English","","","2025-03-05 01:34:36.217000","117","False","False",""
"1","1","Ground Assault","gtc","Near Mint","English","","","2025-03-06 21:37:50.917000","168","False","False",""
"1","1","Gruesome Deformity","isd","Near Mint","English","","","2025-03-06 22:17:44.367000","103","False","False",""
"2","2","Gryff Rider","vow","Near Mint","English","","","2025-03-06 21:07:11.197000","15","False","False",""
"1","1","Guardian of Pilgrims","inr","Near Mint","English","","","2025-02-15 03:08:48.190000","26","False","False",""
"1","1","Guardians of Meletis","ths","Near Mint","English","","","2025-03-06 21:08:21.900000","217","False","False",""
"1","1","Guardians' Pledge","m12","Near Mint","English","","","2025-03-07 19:50:35.933000","22","False","False",""
"1","1","Guide of Souls","mh3","Near Mint","English","","","2025-02-03 04:02:29.390000","29","False","False",""
"2","2","Gutter Skulker // Gutter Shortcut","vow","Near Mint","English","","","2025-03-07 19:45:11.160000","62","False","False",""
"1","1","Guttersnipe","tdc","Near Mint","English","","","2025-04-21 05:53:34.557000","217","False","False",""
"1","1","Guttersnipe","scd","Near Mint","English","","","2025-01-08 21:49:55.733000","145","False","False","0.17"
"1","1","Gwaihir the Windlord","ltr","Near Mint","English","foil","","2025-01-08 21:49:55.733000","210","False","False","0.18"
"1","1","Gwaihir, Greatest of the Eagles","ltc","Near Mint","English","","","2025-01-12 06:18:53.427000","15","False","False","0.27"
"1","1","Halana and Alena, Partners","vow","Near Mint","English","","","2025-03-04 21:45:38.150000","239","False","False",""
"1","1","Hall of the Bandit Lord","chk","Near Mint","English","","","2025-04-30 17:29:58.863000","277","False","False",""
"1","1","Hamlet Captain","inr","Near Mint","English","","","2025-02-15 03:05:15.387000","201","False","False",""
"1","1","Hand of Silumgar","bbd","Near Mint","English","","","2025-03-07 22:13:19.280000","146","False","False",""
"1","1","Hanged Executioner","scd","Near Mint","English","","","2025-01-08 21:49:55.733000","25","False","False","0.07"
"1","1","Hanweir Watchkeep // Bane of Hanweir","inr","Near Mint","English","","","2025-02-15 03:14:08.793000","158","False","False",""
"1","1","Harsh Mentor","akh","Near Mint","English","","","2025-01-11 02:53:21.423000","135","False","False",""
"1","1","Harvester of Souls","j25","Near Mint","English","","","2025-01-08 21:49:55.733000","453","False","False","0.46"
"1","1","Hate Mirage","scd","Near Mint","English","","","2025-01-08 21:49:55.733000","146","False","False","0.10"
"1","1","Haughty Djinn","tdc","Near Mint","English","","","2025-04-21 05:53:34.557000","154","False","False",""
"1","1","Haunted Cloak","cmr","Near Mint","English","","","2025-03-07 22:33:33.547000","313","False","False",""
"1","1","Haunted Dead","inr","Near Mint","English","","","2025-02-22 21:37:42.283000","382","False","False",""
"1","1","Haunted Dead","inr","Near Mint","English","","","2025-02-15 03:14:52.830000","116","False","False",""
"2","2","Haunted Fengraf","dka","Near Mint","English","","","2025-03-05 02:40:59.337000","157","False","False",""
"1","1","Haunted Ridge","inr","Near Mint","English","","","2025-02-22 03:43:30.517000","280","False","False",""
"1","1","Haunted Ridge","who","Near Mint","English","","","2025-07-05 01:33:38.923000","286","False","False",""
"1","1","Haunted Ridge","mid","Near Mint","English","","","2025-07-05 01:29:20.263000","263","False","False",""
"1","1","Haunter of Nightveil","dgm","Near Mint","English","","","2025-03-06 21:58:54.870000","76","False","False",""
"1","1","Haunting Figment","dmu","Near Mint","English","","","2025-01-08 21:49:55.733000","53","False","False","0.07"
"2","2","Havengul Skaab","avr","Near Mint","English","","","2025-03-06 19:16:26.557000","60","False","False",""
"1","1","Haystack","acr","Near Mint","English","","","2025-01-08 21:49:55.733000","5","False","False","0.35"
"1","1","Hearthborn Battler","blb","Near Mint","English","","","2025-03-02 19:31:20.410000","361","False","False",""
"1","1","Hearts on Fire","j25","Near Mint","English","","","2025-01-08 21:49:55.733000","17","False","False","0.09"
"1","1","Hedron Archive","scd","Near Mint","English","","","2025-01-08 21:49:55.733000","266","False","False","0.14"
"1","1","Hedron Archive","tsr","Near Mint","English","","","2025-01-08 21:49:55.733000","395","False","False","0.39"
"1","1","Heiko Yamazaki, the General","neo","Near Mint","English","","","2025-03-07 19:40:27.657000","321","False","False",""
"2","2","Heirloom Blade","pw24","Near Mint","English","foil","","2025-01-08 21:49:55.733000","16","False","False","16.81"
"1","1","HELIOS One","pip","Near Mint","English","","","2025-07-04 23:36:19.303000","149","False","False",""
"1","1","Hellhole Flailer","rtr","Near Mint","English","","","2025-03-07 23:02:30.467000","167","False","False",""
"1","1","Hellkite Tyrant","rvr","Near Mint","English","","","2025-01-27 02:47:04.130000","111","False","False",""
"1","1","Helm of the Host","plst","Near Mint","English","","","2025-04-21 01:45:01.883000","DOM-217","False","False",""
"1","1","Herald's Horn","lcc","Near Mint","English","","","2025-03-12 21:29:24.853000","304","False","False",""
"1","1","Hermit of the Natterknolls // Lone Wolf of the Natterknolls","soi","Near Mint","English","","","2025-01-08 21:49:55.733000","209","False","False","0.29"
"1","1","Heron of Hope","vow","Near Mint","English","","","2025-03-05 01:34:20.750000","18","False","False",""
"2","2","Hero's Blade","frf","Near Mint","English","","","2025-03-05 01:21:45.960000","160","False","False",""
"2","2","Hero's Blade","cmr","Near Mint","English","","","2025-03-07 23:26:04.453000","314","False","False",""
"1","1","Hexgold Slash","one","Near Mint","English","","","2025-03-06 19:13:54.590000","137","False","False",""
"2","2","High-Speed Hoverbike","neo","Near Mint","English","","","2025-03-05 01:16:25.777000","247","False","False",""
"1","1","Hinterland Logger // Timber Shredder","inr","Near Mint","English","","","2025-02-22 21:35:18.597000","203","False","False",""
"1","1","Hired Poisoner","grn","Near Mint","English","","","2025-03-07 22:58:46.203000","72","False","False",""
"2","2","Hired Torturer","dgm","Near Mint","English","","","2025-03-07 22:40:12.323000","25","False","False",""
"1","1","Hobgoblin Dragoon","eve","Near Mint","English","","","2025-03-06 22:20:23.953000","142","False","False",""
"1","1","Hold at Bay","bng","Near Mint","English","","","2025-01-08 21:49:55.733000","18","False","False","0.02"
"1","1","Hopeful Initiate","vow","Near Mint","English","","","2025-03-04 21:53:35.667000","20","False","False",""
"1","1","Hopeful Initiate","vow","Near Mint","English","","","2025-01-08 21:49:55.733000","20","False","False","0.68"
"1","1","Horizon Scholar","cmr","Near Mint","English","","","2025-03-04 23:27:19.107000","73","False","False",""
"1","1","Hostile Minotaur","m19","Near Mint","English","","","2025-03-07 20:47:14.310000","147","False","False",""
"1","1","Hourglass of the Lost","m3c","Near Mint","English","","","2025-01-08 21:49:55.733000","92","False","False","0.24"
"1","1","Howl of the Hunt","mid","Near Mint","English","","","2025-03-04 22:38:27.437000","188","False","False",""
"1","1","Hulking Devil","soi","Near Mint","English","","","2025-01-08 21:49:55.733000","165","False","False","0.04"
"1","1","Human Soldier","tvow","Near Mint","English","","","2025-03-04 21:27:51.567000","15","False","False",""
"1","1","Hungering Yeti","frf","Near Mint","English","","","2025-03-07 22:59:52.333000","105","False","False",""
"1","1","Hungry Ridgewolf","inr","Near Mint","English","","","2025-02-22 21:29:35.980000","160","False","False",""
"1","1","Hunter's Insight","cmr","Near Mint","English","","","2025-03-07 22:45:31.290000","232","False","False",""
"1","1","Hunter's Prowess","bng","Near Mint","English","","","2025-01-08 21:49:55.733000","124","False","False","0.35"
"2","2","Ice Cage","m11","Near Mint","English","","","2025-03-07 23:05:21.147000","57","False","False",""
"1","1","Idyllic Grange","eld","Near Mint","English","","","2025-03-05 02:46:53.260000","246","False","False",""
"1","1","Illusion","tm3c","Near Mint","English","","","2025-01-08 21:49:55.733000","6","False","False",""
"1","1","Immersturm Predator","fdn","Near Mint","English","","","2025-07-05 00:29:30.387000","660","False","False",""
"1","1","Immolation","mid","Near Mint","English","","","2025-03-07 23:23:21.673000","144","False","False",""
"1","1","Impact Tremors","dtk","Near Mint","English","","","2025-01-08 21:49:55.733000","140","False","False","2.37"
"1","1","Imprisoned in the Moon","inr","Near Mint","English","","","2025-02-15 02:43:52.470000","358","False","False",""
"1","1","Indomitable Will","thb","Near Mint","English","","","2025-03-07 23:25:31.410000","25","False","False",""
"1","1","Indulgent Aristocrat","inr","Near Mint","English","","","2025-02-15 03:15:10.230000","118","False","False",""
"1","1","Indulgent Tormentor","scd","Near Mint","English","","","2025-01-08 21:49:55.733000","81","False","False","0.59"
"2","2","Inevitable Defeat","tdm","Near Mint","English","","","2025-07-05 01:12:19.090000","194","False","False",""
"1","1","Infected Defector","mom","Near Mint","English","","","2025-03-06 19:19:13.933000","18","False","False",""
"1","1","Infernal Grasp","inr","Near Mint","English","","","2025-02-22 01:01:56.343000","119","False","False",""
"1","1","Ingenuity Engine","cmr","Near Mint","English","","","2025-03-06 21:11:14.153000","317","False","False",""
"1","1","Inner Demon","bbd","Near Mint","English","","","2025-01-08 21:49:55.733000","48","False","False","0.18"
"1","1","Inner Demon","j22","Near Mint","English","","","2025-01-11 03:08:57.327000","428","False","False",""
"1","1","Inquisitor's Ox","soi","Near Mint","English","","","2025-01-08 21:49:55.733000","24","False","False","0.07"
"1","1","Insatiable Avarice","otj","Near Mint","English","foil","","2025-01-22 16:34:47.593000","91","False","False",""
"1","1","Insect","tvow","Near Mint","English","","","2025-01-08 21:49:55.733000","13","False","False","0.16"
"1","1","Inspiration from Beyond","fdn","Near Mint","English","","","2025-01-08 21:49:55.733000","43","False","False","0.05"
"1","1","Inspired Inventor","mh3","Near Mint","English","","","2025-01-08 21:49:55.733000","32","False","False","0.02"
"1","1","Inspired Sphinx","scd","Near Mint","English","","","2025-01-08 21:49:55.733000","55","False","False","0.18"
"1","1","Inspiring Paladin","fdn","Near Mint","English","","","2025-01-08 21:49:55.733000","18","False","False","0.04"
"1","1","Inspiring Vantage","kld","Near Mint","English","","","2025-04-30 17:23:37.670000","246","False","False",""
"1","1","Interpret the Signs","jou","Near Mint","English","","","2025-03-07 20:58:39.000000","43","False","False",""
"1","1","Into the Story","eld","Near Mint","English","","","2025-03-07 20:59:07.510000","50","False","False",""
"1","1","Intrepid Provisioner","inr","Near Mint","English","","","2025-02-15 03:07:51.197000","205","False","False",""
"2","2","Invasion of Innistrad // Deluge of the Dead","inr","Near Mint","English","","","2025-02-22 17:56:48.690000","120","False","False",""
"1","1","Invoke Despair","neo","Near Mint","English","","","2025-02-21 02:19:19.803000","455","False","False",""
"2","2","Invoke the Divine","dom","Near Mint","English","","","2025-03-07 22:39:23.413000","22","False","False",""
"1","1","Invoke the Divine","khm","Near Mint","English","","","2025-01-08 21:49:55.733000","16","False","False","0.06"
"1","1","Involuntary Employment","fdn","Near Mint","English","","","2025-01-08 21:49:55.733000","203","False","False","0.04"
"2","2","Iron Verdict","khm","Near Mint","English","","","2025-03-05 00:47:48.940000","17","False","False",""
"1","1","Irrigated Farmland","who","Near Mint","English","","","2025-01-08 21:49:55.733000","288","False","False","0.14"
"1","1","Irrigated Farmland","tdc","Near Mint","English","","","2025-04-21 05:53:34.557000","372","False","False",""
"1","1","Island","vow","Near Mint","English","","","2025-01-08 21:49:55.733000","270","False","False","0.25"
"1","1","Island","snc","Near Mint","English","","","2025-03-05 01:50:10.760000","275","False","False",""
"5","5","Island","scd","Near Mint","English","","","2025-01-08 21:49:55.733000","340","False","False","0.07"
"8","8","Island","scd","Near Mint","English","","","2025-01-08 21:49:55.733000","337","False","False","0.07"
"5","5","Island","mh3","Near Mint","English","","","2025-01-08 21:49:55.733000","312","False","False","0.07"
"2","2","Island","mh3","Near Mint","English","","","2025-01-08 21:49:55.733000","313","False","False","0.05"
"7","7","Island","j25","Near Mint","English","","","2025-01-08 21:49:55.733000","84","False","False","0.08"
"1","1","Island","inr","Near Mint","English","","","2025-02-15 03:07:08.610000","291","False","False",""
"2","2","Island","tdm","Near Mint","English","","","2025-04-21 05:53:34.557000","280","False","False",""
"3","3","Island","tdm","Near Mint","English","","","2025-04-21 05:53:34.557000","279","False","False",""
"1","1","Isolated Chapel","tdc","Near Mint","English","","","2025-04-30 17:24:44.610000","373","False","False",""
"1","1","Isperia, Supreme Judge","scd","Near Mint","English","etched","","2025-01-08 21:49:55.733000","4","False","False","0.27"
"1","1","Isshin, Two Heavens as One","neo","Near Mint","English","","","2025-02-22 22:36:31.433000","328","False","False",""
"1","1","It of the Horrid Swarm","emn","Near Mint","English","","","2025-03-07 23:08:37.510000","8","False","False",""
"1","1","Izzet Boilerworks","m3c","Near Mint","English","","","2025-01-08 21:49:55.733000","350","False","False","0.26"
"1","1","Izzet Charm","rtr","Near Mint","English","","","2025-01-08 21:49:55.733000","172","False","False","0.17"
"1","1","Izzet Generatorium","mh3","Near Mint","English","","","2025-01-08 21:49:55.733000","191","False","False","0.06"
"1","1","Izzet Guildgate","c19","Near Mint","English","","","2025-03-05 02:42:42.030000","253","False","False",""
"1","1","Izzet Signet","gk1","Near Mint","English","","","2025-02-21 02:28:11.890000","46","False","False",""
"1","1","Izzet Signet","tdc","Near Mint","English","","","2025-04-21 05:53:34.557000","320","False","False",""
"1","1","Jace, Unraveler of Secrets Emblem","tsoi","Near Mint","English","","","2025-01-08 21:49:55.733000","17","False","False","0.90"
"1","1","Jackdaw Savior","blb","Near Mint","English","","","2025-01-08 21:49:55.733000","296","False","False","0.29"
"1","1","Jalum Tome","cmr","Near Mint","English","","","2025-03-07 23:03:48.263000","318","False","False",""
"2","2","Jarl of the Forsaken","khm","Near Mint","English","","","2025-03-05 00:33:45.533000","100","False","False",""
"1","1","Jaya's Greeting","war","Near Mint","English","","","2025-03-06 21:57:39.747000","136","False","False",""
"1","1","Jhessian Zombies","arb","Near Mint","English","","","2025-03-06 19:12:00.287000","22","False","False",""
"2","2","Jhoira's Timebug","tsr","Near Mint","English","","","2025-03-06 19:15:30.710000","269","False","False",""
"1","1","Jolted Awake","mh3","Near Mint","English","","","2025-01-08 21:49:55.733000","33","False","False","0.02"
"1","1","Jubilant Skybonder","scd","Near Mint","English","","","2025-01-08 21:49:55.733000","232","False","False","0.19"
"1","1","Juggernaut","dom","Near Mint","English","","","2025-03-06 21:37:01.040000","222","False","False",""
"1","1","Juniper Order Rootweaver","dmu","Near Mint","English","foil","","2025-01-08 21:49:55.733000","22","False","False","0.03"
"1","1","Junkblade Bruiser","blb","Near Mint","English","","","2025-03-07 22:36:11.473000","220","False","False",""
"1","1","Kaalia of the Vast","mh3","Near Mint","English","","","2025-04-30 17:37:57.060000","290","False","False",""
"1","1","Kaalia of the Vast","mh3","Near Mint","English","etched","","2025-01-08 21:49:55.733000","489","False","False","5.51"
"2","2","Kaalia, Zenith Seeker","m20","Near Mint","English","","","2025-04-30 17:38:30.953000","210","False","False",""
"1","1","Kabira Outrider","znr","Near Mint","English","","","2025-03-07 23:28:24.100000","18","False","False",""
"1","1","Kaervek the Merciless","scd","Near Mint","English","","","2025-01-08 21:49:55.733000","233","False","False","0.27"
"1","1","Kaito, Cunning Infiltrator Emblem","tfdn","Near Mint","English","","","2025-02-15 03:16:30.313000","24","False","False",""
"1","1","Kamiz, Obscura Oculus","ncc","Near Mint","English","foil","","2025-01-12 06:21:21.577000","3","False","False","0.29"
"1","1","Kangee, Sky Warden","scd","Near Mint","English","","","2025-01-08 21:49:55.733000","234","False","False","0.18"
"1","1","Kangee's Lieutenant","cmr","Near Mint","English","","","2025-03-07 22:51:46.697000","26","False","False",""
"1","1","Kangee's Lieutenant","scd","Near Mint","English","","","2025-01-08 21:49:55.733000","27","False","False","0.14"
"1","1","Kardur, Doomscourge","scd","Near Mint","English","etched","","2025-01-08 21:49:55.733000","5","False","False","0.78"
"1","1","Karfell Harbinger","khm","Near Mint","English","","","2025-03-05 00:51:59.163000","65","False","False",""
"1","1","Karn's Sylex","dmu","Near Mint","English","","","2025-01-08 21:49:55.733000","234","False","False","0.70"
"1","1","Kastral, the Windcrested","blb","Near Mint","English","foil","","2025-01-08 21:49:55.733000","221","False","False","0.21"
"1","1","Kaya's Wrath","rna","Near Mint","English","","","2025-02-05 21:05:36.817000","187","False","False",""
"1","1","Kazuul, Tyrant of the Cliffs","scd","Near Mint","English","","","2025-01-08 21:49:55.733000","148","False","False","0.10"
"1","1","Kazuul's Toll Collector","ogw","Near Mint","English","","","2025-03-05 01:14:06.017000","112","False","False",""
"1","1","Keening Apparition","rtr","Near Mint","English","","","2025-03-06 22:21:22.937000","12","False","False",""
"2","2","Keening Banshee","gk2","Near Mint","English","","","2025-03-05 01:29:27.457000","31","False","False",""
"1","1","Kiln Fiend","j25","Near Mint","English","","","2025-01-08 21:49:55.733000","139","False","False","0.06"
"1","1","Kindly Ancestor // Ancestor's Embrace","vow","Near Mint","English","","","2025-01-08 21:49:55.733000","22","False","False","0.02"
